4574 6240
673 501 770 582 '12

719 710 803 778 ltern'
813 709 889 779 villa
902 730 998 796 super
1011 709 1126 779 flrtnren
1139 712 1211 778 Vna
1225 731 1320 797 quarn
1337 713 1440 780 tenuit
1454 712 1528 780 olim
1543 711 1622 780 Stau
1637 718 1746 779 arator
1760 711 1908 797 episcopi.
1932 707 2014 778 item
2029 711 2103 778 ville
2115 711 2267 800 archiepi-

718 814 805 898 scopi
817 814 901 882 circu
916 815 1018 882 calis:
1038 816 1159 900 Rapsco
1174 823 1207 881 et
1218 815 1281 882 alia
1295 816 1450 882 sorvidola
1461 816 1532 900 (sic)
1543 836 1638 901 quam
1650 835 1744 899 super
1755 815 1891 882 Zraudri
1903 833 2018 899 aquam
2029 815 2266 900 appellauerunt

719 917 835 1000 llllme,
851 925 968 985 etcum
983 920 1126 986 omnibns
1141 920 1250 985 ineolis
1265 919 1340 985 suis.
1363 917 1443 984 Itone
1458 918 1559 986 Sovici
1571 924 1605 987 ct
1618 918 1796 998 Lochoaici,
1811 917 1988 1000 Vuorovioi,
2004 918 2169 985 l'zorovici
2184 920 2266 1006 (siet,

719 1021 915 1097 lialonovici,
937 1022 1064 1105 Braliei,
1085 1023 1300 1102 Domuuevici;
1328 1027 1360 1089 ct
1374 1042 1592 1107 superaquam
1604 1021 1736 1089 Oloboc:
1758 1021 1951 1103 Mislentino,
1974 1027 2267 1106 etsnpcreampum

719 1124 874 1193 Darnbsco
895 1144 1003 1192 omnes
1024 1127 1105 1192 servi
1125 1146 1194 1193 curn
1206 1127 1408 1193 villaccrum.
1424 1126 1504 1193 ltoru
1516 1126 1801 1193 Gostonovieioum
1812 1125 1888 1191 villa
1900 1144 2017 1192 carnin.
2040 1125 2121 1192 Item
2133 1125 2268 1193 villear-

719 1228 907 1314 chiepiscopi
924 1231 1007 1297 circu
1023 1231 1133 1297 Zeton:
1157 1230 1363 1306 Zaudciorici‚
1386 1229 1498 1311 Paruo,
1522 1229 1673 1309 Cluchici,
1690 1228 1925 1308 Coborichezco,
1945 1226 2107 1309 Garrrbiza,
2130 1227 2267 1314 lanrotici,

720 1331 865 1414 ilmina,
895 1332 952 1399 hee
967 1352 1075 1400 omnies
1094 1353 1164 1400 cum
1180 1332 1410 1417 possessoribus
1432 1333 1506 1398 suis.
1529 1332 1613 1400 ltem
1634 1332 1708 1399 ailla
1729 1331 1812 1399 circa
1830 1330 1991 1415 spitimir:
2014 1330 2165 1404 Jauorici,
2188 1330 2268 1398 Tau·

719 1435 789 1516 clav,
813 1435 963 1518 Smolzeo,
985 1436 1128 1518 Prieuna
1149 1437 1319 1517 ancovici,
1342 1436 1533 1518 lurconistc,
1556 1435 1706 1516 Uneievo,
1722 1435 1897 1514 Karclroro,
1916 1432 2116 1514 hlilostorici,
2139 1431 2266 1504 Gazara

719 1543 753 1606 et
775 1538 914 1606 Clonora
936 1559 1006 1607 curn
1028 1540 1258 1626 possessoribus
1279 1541 1354 1607 suis.
1392 1540 1472 1607 Item
1494 1539 1628 1607 Milodat
1650 1559 1721 1606 cum
1744 1538 1819 1605 villu
1840 1542 1874 1605 et
1894 1536 2097 1619 Zambatiuo,
2130 1556 2192 1623 quo
2210 1538 2270 1607 luit

719 1641 854 1728 Dougan
873 1643 1019 1728 episcopi.
1041 1643 1122 1710 Item
1144 1642 1308 1709 Sulostovo
1331 1662 1426 1727 super
1446 1641 1574 1709 fluvium
1595 1642 1690 1708 Terra
1724 1641 1804 1709 Item
1825 1639 1865 1707 de
1886 1639 2014 1707 Milicho
2034 1640 2163 1707 castello
2185 1644 2269 1724 quod

720 1752 772 1813 est
792 1746 832 1813 de
853 1745 1084 1813 thizlavensi
1106 1747 1297 1831 episcopatu,
1320 1746 1459 1831 plenarie
1481 1745 1704 1812 decimationes
1726 1763 1783 1830 per
1804 1748 1907 1811 totum
1929 1762 1969 1810 es
1991 1744 2050 1811 hae
2069 1751 2159 1828 purte
2180 1743 2269 1811 Bari·

720 1849 788 1917 ohe.
820 1848 900 1916 ltem
921 1849 961 1916 de
983 1848 1113 1916 castello
1136 1849 1243 1929 Ziraz,
1282 1848 1441 1934 Spitimir,
1467 1847 1644 1932 Malngost,
1667 1846 1806 1931 ltospm,
1828 1844 1962 1926 Lancia,
1984 1845 2116 1929 Voibor,
2139 1846 2269 1932 Samon,

720 1950 817 2018 Skriu
856 1952 1012 2036 plenarias
1034 1951 1256 2018 decimationes
1277 1970 1418 2033 annone,
1452 1951 1568 2033 mellis,
1590 1949 1681 2032 ferri,
1703 1950 1833 2035 pellium
1853 1949 2066 2035 rulpimrium
2089 1957 2123 2017 et
2144 1951 2269 2018 mardu-

720 2054 869 2135 rinarnm,
891 2056 931 2122 dc
943 2055 1076 2139 placito,
1098 2055 1137 2121 de
1150 2054 1303 2137 tabernis,
1326 2052 1466 2136 deforis,
1485 2054 1525 2120 de
1537 2053 1696 2136 theloneo,
1720 2058 1785 2119 mm
1803 2053 1838 2119 in
1851 2052 1929 2137 ipsis
1951 2053 2104 2135 castellis,
2127 2073 2222 2139 quam
2236 2055 2269 2122 in

718 2158 797 2227 locis
811 2159 857 2226 eis
866 2159 1097 2241 adiacentibus3
1120 2177 1177 2243 per
1189 2177 1297 2225 omnes
1308 2159 1461 2225 tmnsitns
1475 2157 1515 2225 de
1527 2157 1672 2223 theloneo
1684 2162 1718 2223 et
1727 2155 1871 2223 decimali
1881 2155 2065 2237 ebdomada,
2080 2175 2138 2242 per
2159 2175 2268 2225 omnes

720 2267 878 2349 quotquot
898 2268 974 2330 sunt
994 2262 1034 2328 de
1057 2261 1213 2329 chmstor
1236 2253 1386 2346 usquein
1408 2261 1529 2327 Vislam
1551 2260 1641 2327 iuxta
1660 2257 1788 2325 fluvium
1812 2258 1915 2326 Pelea
1938 2259 2020 2326 Item
2039 2258 2196 2344 plenarias
2217 2259 2270 2328 de·

721 2365 904 2434 cimatioues
922 2383 1017 2451 super
1037 2384 1092 2433 eos
1112 2366 1168 2450 qni
1190 2364 1362 2432 Treblevici
1381 2371 1415 2431 et
1436 2363 1559 2431 liadlici
1579 2361 1738 2430 deantur.
1774 2361 1857 2429 Item
1877 2360 2016 2429 Loricbe
2038 2381 2108 2430 cum
2130 2361 2269 2447 decimis,

721 2489 792 2537 cum
812 2470 896 2537 villis
922 2477 955 2538 et
979 2489 1087 2536 earnm
1114 2469 1244 2550 incolis,
1281 2487 1352 2536 eum
1373 2467 1554 2548 venatione,
1591 2484 1663 2533 cnm
1689 2464 1865 2532 custoribus
1891 2470 1925 2532 et
1944 2482 2016 2532 oum
2037 2466 2123 2533 omni
2144 2469 2270 2551 penitus

720 2573 902 2641 iuriditiono
922 2572 1072 2654 seculari,
1108 2571 1188 2638 nulli
1209 2575 1316 2656 preter
1336 2571 1516 2655 episcopum
1537 2567 1726 2653 respondere
1747 2567 1853 2636 babet
1896 2567 1978 2635 ltem
2006 2569 2067 2636 Nir
2087 2588 2145 2655 per
2166 2575 2270 2638 tatum

720 2677 805 2745 inter
815 2676 902 2745 Thur
922 2683 955 2743 et
977 2675 1106 2757 Cholm,
1128 2695 1199 2743 cum
1221 2673 1397 2742 custoribus
1419 2679 1453 2741 et
1469 2691 1578 2740 eorum
1599 2671 1797 2754 custodibus,
1812 2691 1885 2741 cum
1906 2673 2116 2759 piscatoribus
2136 2679 2171 2741 et
2186 2673 2271 2741 villis

722 2799 845 2863 eorum,
876 2785 1000 2847 tautum
1021 2778 1255 2864 archiepiscopo
1274 2779 1423 2863 pertinet.
1466 2776 1548 2843 Item
1570 2775 1698 2843 abbatia
1719 2782 1830 2846 sancte
1849 2777 1951 2845 Mario
1976 2778 2010 2844 in
2034 2777 2165 2845 castello
2186 2777 2270 2845 Lan·

722 2883 799 2951 oicie
829 2901 900 2950 cum
926 2887 1052 2949 centum
1081 2883 1179 2950 serris
1208 2887 1242 2949 et
1269 2881 1352 2948 villis
1378 2899 1502 2962 eorum,
1535 2898 1607 2946 cum
1638 2885 1775 2966 quatuor
1802 2879 1928 2948 scihcet'
1950 2881 2094 2949 lacubus:
2126 2879 2270 2964 Pretebe,

723 2985 847 3068 Obotle,
868 2984 1017 3066 Bezdeze,
1039 2985 1174 3053 Brdouo.
1209 2985 1290 3052 Item
1310 2983 1420 3051 Bmlin
1441 3003 1512 3051 cnm
1534 2983 1627 3051 sociis
1648 2984 1714 3050 suis
1735 2989 1769 3050 et
1789 2983 1889 3051 vineis
1909 2983 2032 3051 duabus
2054 2990 2088 3052 et
2108 2985 2270 3054 tutoribus

721 3109 830 3158 earum
862 3108 932 3157 cum
965 3089 1049 3157 villis
1080 3091 1162 3172 suis,
1197 3107 1331 3175 quarum
1363 3107 1427 3155 uua
1455 3087 1614 3155 Plooeusis
1646 3087 1748 3154 altera
1778 3085 2029 3155 Vladizlareusis
2062 3089 2184 3157 castelli
2206 3096 2269 3172 aaa

720 3195 857 3280 pistores
875 3193 971 3262 etiam
993 3199 1027 3261 et
1048 3192 1128 3275 coci,
1158 3212 1312 3277 agazoms
1341 3197 1374 3260 et
1404 3197 1528 3260 sutores
1556 3207 1628 3259 cnm
1642 3190 1787 3258 omnibns
1807 3209 1869 3277 que
1889 3191 2122 3261 ministratione
2143 3192 2271 3262 abbatie

720 3298 823 3367 eidem
843 3302 919 3366 sunt
938 3297 1095 3366 ominata
1130 3296 1212 3364 Item
1232 3296 1364 3365 Maniae
1396 3302 1471 3364 ante
1503 3293 1669 3363 mstebum
1691 3294 1862 3362 Zaudomir
1893 3315 1963 3363 eum
1985 3297 2112 3363 nusticis
2132 3304 2166 3364 et
2186 3297 2270 3363 rdbs

722 3421 831 3470 eorum
852 3407 886 3469 et
906 3400 1051 3468 omnibns
1073 3400 1114 3469 ad
1136 3400 1194 3468 hec
1214 3399 1455 3485 pertinentibus.
1489 3399 1571 3466 Item
1592 3398 1757 3465 castellum
1779 3397 1892 3466 Solohe
1913 3417 1985 3467 cum
2006 3399 2151 3468 omnibns
2171 3400 2270 3484 perti·

720 3506 838 3574 nentiis
868 3505 994 3572 nonnisi
1023 3503 1257 3589 archiepiscopo
1285 3503 1432 3588 pertinet
1469 3501 1551 3568 item
1572 3500 1649 3568 villa
1678 3507 1754 3569 ante
1774 3500 1881 3569 Bitem
1914 3521 1976 3586 que
1995 3503 2131 3570 Zversor
2152 3502 2270 3571 dicitur

721 3627 793 3678 cum
813 3607 956 3690 rmticis',
978 3609 1102 3692 urgenti
1123 3606 1309 3688 fossoribus,
1332 3625 1403 3673 cum
1425 3603 1547 3672 duabus
1565 3603 1722 3686 tabernis,
1743 3604 1869 3673 nonnhi
1890 3605 1932 3672 ad
1947 3606 2179 3691 ¹archiepiscopi
2200 3625 2271 3691 per·

721 3713 804 3780 tinet
823 3711 1045 3779 iuriditionem.
1066 3710 1149 3783 Item
1167 3715 1246 3795 aput
1268 3710 1427 3777 civimoem
1444 3706 1594 3776 Craoovie
1615 3705 1664 3774 sal
1686 3706 1913 3793 mehiepiscopi
1935 3709 1991 3792 qui
2009 3707 2129 3776 Babiza
2150 3726 2270 3803 nuncu

720 3818 826 3900 patnr,
848 3819 973 3882 tautum
984 3832 1040 3880 sue
1051 3813 1220 3898 respondet
1230 3812 1352 3879 ditioni
1375 3810 1456 3878 Item
1469 3810 1542 3878 ville
1557 3810 1784 3895 archiepiscopi
1797 3811 1881 3879 drea
1895 3810 2080 3879 Graooviam
2099 3811 2159 3880 hee
2179 3817 2269 3879 suut:

721 3916 854 3985 Iurevici
868 3935 938 3984 cnm
952 3915 1029 3984 villa
1042 3935 1160 3998 eorum,
1182 3916 1342 3998 Daueoro,
1366 3912 1561 3996 Conecheno,
1583 3914 1698 3999 Τγῐιιο,
1721 3913 1915 3998 Chrostliuo,
1939 3914 2102 3997 Crolerici,
2118 3915 2269 3991 Zrcuara,

721 4024 755 4087 et
775 4038 870 4105 super
883 4019 1010 4105 Preqini
1027 4018 1177 4100 Rudnici3
1200 4024 1267 4086 tam
1285 4018 1360 4085 ville
1381 4037 1476 4103 quam
1497 4035 1692 4101 possessores
1713 4036 1831 4106 earum
1843 4019 1929 4085 omni
1950 4021 2019 4085 iure
2036 4017 2270 4105 archiepiscopo

721 4124 889 4208 perducat
926 4122 1007 4189 Item
1028 4122 1105 4189 villa
1135 4122 1170 4187 in
1202 4121 1296 4189 Zrem
1326 4139 1388 4206 qne
1409 4120 1525 4188 Dolzco
1547 4126 1756 4206 nuncupatur.
1792 4120 1875 4190 Item
1895 4121 1970 4189 ville
1989 4122 2270 4208 archiepiscopales

721 4243 780 4309 per
800 4222 977 4292 Gniaviamt
1017 4222 1145 4304 Cholm,
1169 4222 1488 4306 communiora,
1510 4222 1718 4306 Poddambia,
1740 4222 1955 4307 Hermanovo,
1977 4224 2143 4306 Drvalevo,
2165 4233 2199 4292 et
2213 4224 2271 4292 hee

722 4345 831 4397 omnes
851 4346 922 4395 cnm
943 4328 1009 4394 suis
1029 4326 1263 4411 possessoribus
1283 4327 1322 4394 do
1343 4327 1540 4410 possessione
1573 4326 1832 4411 archiepiscopali
1853 4334 1938 4394 suut.
1960 4328 2165 4395 Decemimus
2180 4340 2270 4415 erqo,

721 4436 759 4498 ut
779 4430 859 4498 nulli
880 4431 1006 4498 omuino
1029 4431 1190 4497 hominnm
1209 4431 1305 4498 liceat
1325 4429 1482 4515 prefatam
1504 4430 1719 4498 Gneanensem
1741 4429 1905 4498 ecelesiam
1934 4436 2052 4499 umere
2074 4432 2269 4518 perturbare,

720 4540 779 4602 ant
799 4533 919 4619 aliquid
940 4533 979 4601 de
1001 4533 1051 4600 bis
1072 4534 1139 4601 eius
1160 4535 1408 4618 possessionibus
1429 4533 1569 4616 auferre,
1592 4534 1642 4601 vel
1664 4532 1842 4603 sufferendo
1863 4534 2014 4616 retinere,
2037 4536 2193 4619 minuere,
2215 4553 2271 4603 sen

721 4637 913 4724 quibuslibet
933 4637 1086 4704 molestiis
1107 4635 1250 4721 fatigare.
1288 4638 1323 4706 si
1354 4658 1419 4724 qua
1449 4639 1547 4723 igitur
1584 4639 1617 4705 in
1647 4644 1808 4723 posternm
1828 4637 2060 4705 eccclesiastioa
2079 4639 2269 4708 oadunare

722 4760 855 4826 pomam
871 4741 954 4808 hanc
971 4746 1079 4808 nostre
1093 4741 1327 4808 constitutionis
1349 4742 1496 4826 paginam
1517 4741 1635 4824 mons,
1658 4746 1769 4809 contra
1790 4759 1861 4808 eam
1882 4745 2001 4808 munere
2022 4742 2069 4810 irc
2090 4743 2270 4822 tentaverh,

721 4843 856 4912 amando
878 4843 1014 4911 tercium
1036 4843 1242 4925 commonita,
1272 4844 1333 4911 nisi
1355 4849 1478 4911 reatum
1497 4863 1589 4911 snum
1611 4862 1749 4929 congrua
1768 4841 1985 4912 satisfactione
2008 4847 2194 4929 eorrexerit,
2216 4864 2271 4930 po·

722 4953 838 5015 testata
871 4947 1060 5032 honorisque
1091 4947 1141 5012 sui
1172 4946 1327 5039 dignitate
1349 4954 1470 5030 careat,
1503 4966 1653 5031 reamque
1682 4966 1716 5014 se
1737 4946 1843 5016 divino
1865 4947 2001 5015 existere
2028 4946 2067 5015 de
2088 4954 2272 5033 perpetrata

708 5051 889 5134 ‘iniquitate
908 5050 1022 5117 iudicio
1044 5055 1221 5133 eogrrosm,
1244 5055 1277 5115 ct
1310 5053 1335 5119 a
1352 5051 1565 5118 sacmtissimo
1588 5049 1727 5134 Corpore
1759 5056 1794 5117 et
1825 5049 1985 5134 Sanguine
2007 5051 2065 5118 Dei
2094 5057 2128 5119 et
2157 5049 2270 5119 Domni

722 5151 919 5220 Redemtoris
941 5152 1042 5218 nostri
1063 5151 1156 5218 ihesu
1172 5151 1292 5218 Christi
1313 5152 1418 5221 aliena
1438 5152 1514 5235 liat,
1552 5159 1648 5237 atquc
1676 5153 1709 5220 in
1729 5158 1870 5221 exhemo
1890 5156 2034 5222 examine
2054 5155 2204 5223 distincte
2224 5152 2271 5221 ul·

723 5255 805 5322 cioni
827 5254 998 5323 subiaceat
1021 5253 1153 5322 Cunctis
1174 5261 1280 5323 annm
1299 5256 1399 5324 eidem
1421 5257 1490 5324 loco
1512 5276 1573 5341 que
1595 5277 1654 5323 sua
1675 5263 1751 5324 sunt
1771 5257 1980 5339 sementibus,
2004 5260 2047 5325 sit
2068 5279 2130 5344 qaus
2145 5256 2269 5327 Domim

723 5356 823 5423 nostri
845 5356 916 5424 lesu
939 5355 1075 5439 Cirristi,
1113 5363 1269 5441 quatenns
1297 5365 1331 5425 et
1359 5358 1410 5428 bic
1438 5357 1575 5427 fructum
1596 5360 1677 5427 boae
1698 5361 1890 5445 operationis
1916 5363 2107 5446 percipiant,
2139 5369 2174 5430 ot
2195 5365 2270 5447 aput

722 5458 900 5527 districtum
933 5459 1066 5527 iudicum
1089 5480 1198 5545 pacem
1219 5461 1390 5530 inveniant
1427 5461 1589 5531 Adicimus
1622 5464 1739 5547 itaque,
1769 5471 1807 5533 ut
1836 5466 1953 5533 acarini
1975 5466 2024 5534 las
2045 5467 2089 5534 sit
2109 5467 2271 5534 aeclesiam
