4492 6224
622 504 672 578 ao

621 703 761 787 Polonio3
785 704 818 770 in
839 702 952 788 qnibns
973 702 1059 788 quod
1080 706 1238 770 statutum
1259 707 1309 768 cst
1330 701 1415 768 intur
1437 707 1469 768 tc
1491 721 1530 768 ac
1551 702 1654 786 ipsum
1676 699 1800 784 plenius
1813 699 2004 781 continetur,
2023 720 2164 785 presenti.

627 805 688 876 bus
707 806 854 874 duximus
874 805 1083 874 inmundum.
1114 804 1174 885 Qui
1194 803 1352 871 ostiolis:
1394 804 1552 888 (Sequitur
1572 806 1703 884 dipteron
1724 805 1777 868 Νι.
1800 801 1867 887 95.)

725 908 814 977 Nulli
836 928 910 994 ergo
929 909 1014 992 (etc.)
1038 916 1147 976 nostro
1176 907 1423 975 continuationis
1447 905 1616 991 infringere
1644 904 1692 974 vel
1719 905 1748 972 oi
1774 905 1844 991 (etc.
1872 907 1980 990 serpo)
2007 912 2164 989 contraire,
2237 895 2239 898 ’

622 1012 658 1082 Si
679 1013 750 1097 quis
770 1018 878 1080 autem
898 1010 992 1098 (etc).
1019 1009 1139 1079 Datum
1157 1010 1257 1078 Rome
1278 1009 1363 1094 apud
1383 1015 1528 1078 mnemm
1548 1008 1678 1076 Petrum
1693 1006 1756 1074 VII
1769 1005 1846 1075 Idus
1860 1005 1948 1089 Maii,
1966 1001 2164 1091 'pontificatue

622 1117 725 1185 noemi
745 1133 829 1184 auno
849 1113 993 1182 socumo.

635 1389 637 1394 ·
726 1353 980 1438 anticaudae
1000 1355 1129 1420 loom.
1173 1350 1292 1436 lubus,
1314 1355 1445 1435 auum,
1466 1371 1487 1416 z
1507 1353 1673 1417 ιιιειιιισια
1693 1352 1796 1417 waes.

1313 1685 1389 1772 Νι.
1421 1682 1492 1772 99.

729 1881 913 1968 Honorius
942 1880 1007 1986 Pp.
1039 1880 1105 1965 111
1135 1883 1262 1963 1218
1291 1881 1381 1966 ilai.
1417 1885 1505 1980 26,
1535 1880 1647 1965 Βοιιο
1680 1880 1781 1985 apud
1811 1881 1984 1962 mactum
2017 1877 2172 1993 Petrum

625 2004 783 2076 indicibus
803 2002 943 2085 mandat,
962 2007 1000 2070 ut
1020 2001 1093 2069 duci
1114 1999 1247 2070 Sileeiae
1265 1996 1406 2071 castrum
1426 2001 1467 2069 de
1487 2000 1596 2070 Kalisa
1618 1999 1848 2069 mouendam
1869 2006 1992 2068 curent.

733 2111 870 2186 licitum
893 2109 1088 2174 Mommsenio
1108 2109 1212 2173 ιιιοι.
1234 2111 1380 2173 Potonioe
1403 2109 1431 2183 1,
1452 2108 1505 2170 15.

729 2329 890 2399 Honorius
910 2327 1076 2414 episcopas
1096 2326 1189 2414 (etc),
1211 2327 1335 2396 dilectis
1353 2325 1428 2394 iliis
1450 2376 1459 2395 .
1482 2376 1491 2395 .
1512 2326 1554 2395 ds
1574 2325 1714 2394 Andreio
1733 2332 1768 2395 st
1789 2376 1799 2394 .
1822 2375 1831 2394 .
1858 2326 1899 2396 de
1920 2327 2064 2414 wangon
2085 2330 2175 2403 abba·

616 2432 712 2508 ,tibus
734 2431 949 2501 cmcoviensis
970 2430 1104 2498 donanis
1125 2435 1160 2498 et
1181 2480 1189 2496 .
1213 2479 1222 2497 .
1244 2429 1466 2499 archidiacono
1486 2429 1741 2498 wratislaviensi
1762 2429 1898 2498 salnmm
1919 2430 2013 2517 (erc).
2040 2430 2176 2504 Dilectus

625 2534 711 2604 illins
731 2533 845 2603 nobilis
866 2534 915 2601 vir
935 2532 976 2601 Η.
1003 2533 1069 2600 (ιιι
1098 2532 1219 2601 Zelesie
1245 2533 1433 2600 transmissa
1465 2531 1555 2601 nobis
1587 2533 1741 2618 petitione
1767 2535 1970 2617 monstravit,
2003 2534 2087 2620 quod
2111 2556 2176 2607 com

626 2637 764 2707 nobilem
790 2639 892 2705 mium
920 2635 970 2704 W.
1000 2640 1111 2703 natum
1137 2635 1296 2720 quondam
1325 2633 1483 2719 Oddonis,
1510 2634 1643 2702 diocesis
1675 2634 1884 2719 Gneaaensis,
1915 2637 2069 2706 bellorum
2095 2639 2177 2710 clade

626 2747 813 2827 qnmmtum
833 2742 867 2808 in
888 2745 976 2808 terra
995 2757 1056 2806 saa
1077 2743 1145 2805 tum
1166 2738 1295 2823 pietatis
1317 2745 1386 2806 tum
1401 2730 1684 2824 consanguinitatis
1698 2741 1819 2807 intuitu
1833 2742 2014 2826 recepisset,
2030 2749 2178 2812 castrum·

626 2862 690 2930 qus
710 2862 803 2912 mam
823 2842 863 2911 de
888 2840 996 2910 Chalia
1025 2840 1085 2908 sibi
1111 2859 1170 2926 pro
1195 2841 1260 2909 rite
1291 2840 1432 2909 subsidio
1459 2842 1666 2927 assignasset,
1699 2842 1840 2912 exhibito
1865 2842 1907 2912 ab
1937 2845 2008 2930 ipso
2037 2847 2178 2931 pn‘mitns

627 2948 815 3030 iuramento,
836 2946 920 3032 qaod
941 2951 1015 3031 post
1032 2945 1304 3031 recuperationem
1325 2951 1410 3013 terre
1422 2964 1480 3014 sne
1493 2946 1554 3013 sibi
1567 2946 1752 3014 restitueret
1765 2946 1849 3015 idem
1863 2953 2020 3016 castrum:
2041 2949 2179 3035 prelatus

627 3052 681 3120 W.
702 3050 746 3121 ad
766 3049 999 3119 restitutionem
1017 3049 1115 3118 castri
1137 3047 1271 3133 predicti
1292 3065 1328 3116 se
1348 3048 1382 3115 in
1403 3067 1528 3117 omnem
1545 3055 1693 3117 creatam
1707 3050 1823 3118 asserit
1843 3069 1907 3119 non
1926 3053 2039 3134 teneri,
2053 3059 2087 3121 et
2100 3053 2179 3138 quod

627 3172 723 3240 super
739 3152 800 3222 hoc
820 3151 941 3220 nullum
962 3150 1096 3220 subierit
1116 3151 1337 3219 iuramentum
1382 3150 1476 3220 Unde
1495 3152 1562 3220 iam
1586 3152 1692 3220 dictus
1718 3149 1783 3219 dux
1813 3151 1935 3222 Delesie
1958 3153 2090 3248 anobis
2110 3173 2180 3240 sup

627 3256 754 3343 pliciter
775 3256 957 3341 postularit,
987 3260 1025 3323 ut
1052 3253 1154 3322 eidem
1179 3271 1275 3338 snper
1299 3252 1360 3323 hoc
1389 3253 1553 3340 providere
1578 3259 1714 3338 patema
1735 3254 1948 3325 sollicitudine
1974 3255 2179 3342 dignaremur,

627 3379 669 3430 ue
689 3377 839 3446 processa
859 3359 1010 3445 temporis
1031 3357 1227 3443 probationis
1249 3357 1279 3424 ei
1301 3358 1393 3442 copia
1411 3357 1553 3425 formulis
1574 3356 1700 3426 cssibm
1719 3356 1938 3427 subtrahatur.
1965 3359 2101 3445 ldmona
2114 3379 2181 3446 pre·

627 3463 765 3544 sendum
786 3460 874 3530 vobis
895 3460 1087 3530 auctoritate
1107 3461 1274 3545 utriusque
1295 3462 1397 3544 partis
1419 3467 1659 3546 procuratorum
1677 3479 1810 3530 assensu
1822 3462 2022 3544 mandamus,
2036 3464 2181 3548 quatinus
2196 3533 2213 3545 ,

627 3572 837 3634 memoratum
857 3564 910 3632 W.
929 3582 1021 3632 suum
1039 3580 1263 3648 recognoscere
1283 3563 1496 3630 iuramentum
1517 3565 1673 3632 moneatis
1693 3569 1818 3633 attenta
1836 3583 1875 3633 eo
1903 3563 2074 3635 effimeiter
2094 3567 2181 3634 iuda·

629 3668 720 3738 catis.
741 3665 832 3749 Quod
853 3667 881 3734 si
902 3667 1025 3736 adhoc
1047 3665 1154 3733 induci
1174 3665 1257 3733 forta
1277 3682 1342 3732 uon
1363 3666 1492 3748 poterit,
1512 3684 1553 3734 ne
1573 3667 1692 3735 veritas
1711 3665 1855 3735 confessa
1867 3666 2064 3752 succumbat,
2087 3674 2182 3738 testes

628 3769 685 3854 qui
705 3787 801 3855 super
821 3767 882 3838 hoc
902 3768 1057 3837 nominati
1076 3765 1215 3849 luerunt,
1237 3766 1265 3833 si
1293 3783 1328 3834 se
1352 3767 1478 3851 moda,
1499 3767 1586 3850 odio,
1608 3768 1659 3835 sel
1681 3770 1796 3838 timore
1816 3767 2044 3855 subtraxerint,
2066 3771 2183 3858 engada

628 3871 821 3940 auctoritato
849 3876 960 3939 nostra
984 3870 1114 3938 venati
1143 3868 1360 3937 testimonium
1386 3868 1566 3955 perhibere
1597 3869 1813 3940 denuntiando
1845 3872 1949 3957 primo
1979 3872 2102 3958 prelato
2134 3871 2182 3939 W.

628 3979 667 4041 ut
686 3972 761 4041 huic
779 3973 951 4058 receptioni
973 3972 1104 4041 testium
1125 3972 1153 4039 si
1174 3971 1252 4039 velit
1282 3971 1424 4054 intersit,
1450 3977 1484 4039 et
1508 3990 1604 4058 super
1631 3971 1870 4042 denuntiatione
1898 3975 1946 4043 sic
1969 3974 2057 4043 lacta
2076 3973 2183 4043 confici

628 4073 755 4144 adam
774 4073 936 4161 publicum
955 4074 1212 4143 instnrmentnm
1242 4071 1323 4140 Cum
1344 4080 1453 4142 numm
1475 4093 1533 4159 pro
1547 4073 1672 4161 prelato
1686 4075 1766 4143 duoe
1780 4075 1902 4145 Zeleme
1915 4096 1975 4162 per
1988 4077 2184 4162 impetrantis

629 4196 769 4247 errorem
789 4197 885 4263 snper
902 4177 1045 4245 mdenda
1064 4176 1125 4244 sibi
1146 4176 1349 4244 restitutione
1370 4177 1468 4244 castri
1496 4177 1632 4263 predicti
1658 4179 1699 4245 ad
1722 4229 1731 4245 .
1754 4228 1764 4245 .
1784 4178 1986 4247 scolasticum
2022 4179 2185 4247 Wmtisln·

628 4280 769 4350 mensem
789 4286 824 4348 et
844 4281 1011 4349 Zlarosnm
1033 4278 1273 4347 Oraooriensem
1294 4280 1480 4347 canonicum
1508 4285 1543 4347 et
1570 4286 1603 4347 ta
1627 4280 1672 4347 lili
1697 4280 1920 4349 archidiacone
1944 4279 2042 4350 fuerit
2061 4287 2185 4367 aposto·

629 4383 725 4452 licum
746 4382 930 4452 mandatum
951 4380 1126 4464 obtentum,
1148 4400 1206 4465 per
1226 4381 1312 4464 quod
1338 4387 1376 4449 tu
1401 4386 1436 4448 ct
1460 4382 1539 4449 dicti
1568 4381 1746 4450 conludices
1772 4384 1821 4450 tui
1848 4383 1890 4452 ad
1911 4383 2095 4454 citationem
2116 4391 2185 4453 tan·

631 4484 793 4553 tammodo
814 4485 1025 4571 processistis:
1048 4485 1193 4551 volumus
1214 4484 1256 4550 ad
1278 4484 1464 4568 petitionem
1484 4483 1600 4569 prelati
1620 4483 1709 4552 duom
1731 4485 1853 4555 Zelesic
1876 4485 2064 4555 mandatnm
2086 4488 2186 4573 ipsam

630 4586 700 4658 iore
718 4588 901 4672 invalidum,
923 4595 957 4657 et
968 4593 1075 4655 restro
1089 4586 1251 4672 processui
1265 4606 1329 4654 nou
1342 4587 1479 4655 obstare.
1502 4586 1633 4667 Quodsi
1648 4606 1712 4656 uon
1726 4607 1844 4672 omues,
1858 4588 1922 4657 dno
1937 4596 2079 4659 vestrum
2093 4591 2185 4677 (ele).

632 4691 752 4761 Datum
773 4693 873 4760 Rorm
890 4691 975 4777 apud
992 4696 1139 4761 sanctum
1158 4689 1290 4758 Petrum
1311 4689 1375 4757 vu
1397 4689 1558 4758 Kalendas
1576 4688 1671 4774 Iunii,
1692 4710 1776 4760 anno
1798 4691 1944 4761 secando.
2190 4687 2193 4692 ’

736 4931 891 5015 monio,
912 4935 1090 5020 ιςιιιιιη.
1122 4930 1276 5018 wmgoz,
1301 4934 1459 5020 aaron
1492 4927 1612 5015 cmm,
1633 4935 1748 4998 raaz.
