4492 6224
1663 444 1744 547 er,

167 673 251 741 tum,
274 654 306 722 in
328 657 446 718 terrain
467 664 558 714 suum
580 651 648 713 tum
670 645 799 730 pietatis
820 652 888 714 tum
909 644 1191 732 consanguinitatis
1213 646 1332 714 iutuitu
1354 647 1536 731 recepisset,
1559 652 1714 726 castrum·

166 783 226 852 que
245 774 336 825 suum
353 751 394 818 de
416 747 525 816 Chalia
546 748 607 817 aiii
624 767 683 834 pro
704 749 846 816 viteam
867 748 1007 816 subsidio
1028 750 1234 834 assignasset,
1257 749 1392 833 prestito
1413 749 1454 816 ub
1475 750 1545 832 ipso
1567 750 1715 835 primitus

167 864 349 937 iuramento,
371 851 456 937 quod
477 857 551 934 post
570 852 839 936 recuperationem
861 858 945 935 terre
967 872 1036 934 sue,
1064 851 1193 919 lorium
1212 852 1273 918 sibi
1295 869 1444 935 prospere
1463 850 1639 935 arridente,
1664 871 1715 921 ca·

166 978 266 1038 strum
282 956 361 1027 illud
383 953 442 1023 sibi
464 955 649 1021 restitueret
669 953 737 1021 sine
756 973 860 1021 mora:
882 955 952 1039 ipse
966 960 1151 1039 recuperata
1164 953 1365 1040 postmodum
1381 960 1468 1020 terra
1486 972 1554 1034 sua,
1577 960 1716 1021 castrum

168 1065 338 1157 prodictam
357 1062 468 1124 eontra
490 1057 651 1140 proprium
673 1055 817 1124 detinens
839 1057 1052 1124 iuramentum
1072 1057 1113 1124 ad
1134 1076 1169 1125 se
1189 1056 1306 1124 asserit
1326 1056 1494 1139 pertinuere,
1517 1074 1556 1123 ac
1578 1055 1611 1122 in
1634 1059 1717 1140 peri·

167 1169 268 1240 cuium
289 1161 393 1230 anime
414 1175 471 1225 auo
492 1157 622 1225 reddere
641 1156 837 1226 contradicit.
876 1158 1033 1239 Quuselam
1063 1160 1160 1226 etiam
1188 1176 1238 1225 res
1260 1157 1436 1224 immobiles
1457 1157 1652 1241 pertinentes
1674 1158 1716 1226 ad

167 1276 303 1341 mserum
324 1261 478 1331 alienasse
499 1258 616 1328 dicitur
638 1260 672 1326 in
693 1260 793 1345 ipsius
815 1260 904 1328 ducis
926 1262 1133 1345 preindicium
1155 1269 1189 1328 ct
1202 1279 1389 1346 grarameu3
1412 1261 1501 1327 cuius
1514 1259 1715 1327 alienationis

167 1373 359 1443 contractum
382 1360 568 1429 venerabilis
587 1360 686 1429 irater
703 1367 811 1429 noster
833 1363 1027 1430 Gneznensis
1050 1363 1318 1449 archiepiscopus,
1355 1368 1468 1430 eontra
1489 1362 1588 1445 ipsius
1610 1363 1716 1447 prolui.

168 1472 314 1545 titionem
328 1466 432 1532 minus
447 1464 533 1531 licita
554 1464 708 1531 assemtur
728 1465 938 1534 confirmasse.
962 1465 1043 1546 Quia
1064 1467 1187 1533 veroin
1208 1465 1295 1532 nullo
1314 1465 1375 1533 sibi
1397 1471 1598 1547 accresceret,
1621 1467 1717 1533 immo

168 1574 332 1663 plurimum
353 1567 526 1651 deperiret,
561 1567 589 1633 si
608 1573 755 1651 pretextu
783 1567 916 1635 alicuius
946 1568 1101 1636 commodi
1131 1569 1313 1652 temporalis
1339 1569 1443 1636 anino
1465 1586 1521 1634 sue
1542 1567 1718 1634 incurreret

166 1675 401 1745 detrimentum:
424 1668 526 1736 cidem
546 1668 619 1734 duci
637 1670 754 1736 nostris
777 1670 894 1737 litteris
915 1669 1113 1737 dedimnsiu
1135 1671 1302 1749 mandatis,
1325 1676 1372 1753 ut,
1395 1691 1436 1739 ne
1454 1670 1537 1738 idem
1557 1669 1623 1738 dux
1644 1669 1717 1736 inde

167 1780 305 1849 incurrat
325 1771 523 1840 incomodum
545 1771 628 1839 unde
649 1771 775 1838 ridetur
796 1773 951 1856 premium
972 1773 1134 1855 meurisse,
1157 1781 1297 1841 castrum
1311 1793 1382 1842 cum
1397 1773 1542 1841 omnibus
1557 1773 1715 1857 pertinen·

169 1882 220 1950 tiis
234 1878 299 1945 suis
313 1875 374 1942 sibi
395 1874 565 1957 restituat,
587 1881 625 1941 ut
646 1880 782 1942 tenetur.
806 1875 966 1960 Alioquin,
989 1876 1065 1961 quia
1086 1876 1120 1943 in
1141 1877 1210 1944 iure
1228 1896 1285 1946 suo
1307 1877 1409 1945 eidem
1430 1877 1504 1944 duci
1525 1877 1633 1944 deesse
1653 1895 1718 1943 non

168 1998 329 2070 possumus
349 1979 433 2046 sicut
453 1978 552 2046 etiam
571 1997 633 2046 nou
655 1977 813 2061 debemus,
843 1979 1025 2047 discretioni
1047 1986 1151 2048 eastre
1172 1999 1230 2065 per
1252 1980 1425 2065 apostoliea
1445 1981 1565 2065 scripta
1586 1978 1717 2046 manda·

166 2104 249 2167 mus,
268 2088 439 2168 quatenus,
460 2083 489 2149 si
510 2081 614 2149 dietus
635 2081 700 2148 dna
718 2080 903 2149 mandatum
925 2090 1069 2149 nostrum
1091 2083 1266 2167 neglexerit
1285 2082 1471 2166 adimplere,
1504 2100 1560 2150 vos
1582 2101 1654 2149 euru
1676 2082 1719 2150 ad

167 2188 197 2256 id
217 2202 455 2272 percensuram
476 2183 730 2268 ecclesiasticam,
752 2183 971 2282 appellatione¹
988 2191 1124 2267 remota,
1145 2185 1270 2251 iustitia
1290 2185 1449 2252 mediante
1470 2184 1602 2270 cogatis.
1625 2184 1716 2264 Quod

166 2292 192 2357 si
206 2305 395 2369 nonomnos,
417 2286 480 2354 duo
495 2291 638 2354 restrum
650 2287 745 2374 (ete).
768 2285 888 2354 Datum
909 2285 1061 2355 Laterani
1072 2286 1157 2354 Vlll-
1172 2285 1332 2354 Kalendns
1355 2286 1478 2369 Marcii,
1500 2304 1585 2355 auno
1602 2286 1716 2370 primo.

266 2491 389 2576 chain,
412 2496 524 2560 Korea

851 2691 924 2777 Nu.
957 2686 1028 2776 95.

265 2884 513 2969 ilodinlarue
547 2907 710 2989 magnus
738 2886 816 2970 dux
842 2885 992 2971 Polonie
1028 2908 1058 2970 s.
1087 2908 1120 2970 a
1147 2886 1181 2969 d.
1208 2889 1245 2970 et
1270 2886 1315 2990 ir
1347 2905 1450 2973 mitur
1470 2911 1609 2989 meum,
1632 2905 1718 2991 quot

167 3024 235 3075 rum
255 3006 393 3074 ilenrico
414 3007 494 3074 duee
514 3006 648 3075 Silesiae
668 3007 793 3089 inierat,
817 3008 959 3077 Honorio
980 3007 1087 3092 Papae
1109 3005 1167 3075 ΙΙΙ.
1190 3006 1447 3075 confirmandum,

270 3113 406 3186 dicim
426 3114 623 3177 noeumane
644 3114 747 3179 duim.
772 3117 915 3178 Poloniae
931 3116 959 3195 1,
982 3115 1033 3177 12.
1061 3114 1257 3192 disrumpi
1268 3115 1493 3192 potnkrdzoap
1510 3131 1624 3193 praet:
1646 3111 1713 3179 Ho·
1884 3159 1886 3162 -

167 3212 271 3279 nonius
291 3212 348 3297 Pp.
371 3211 421 3280 111
445 3213 529 3278 1218
548 3212 622 3281 ldai
645 3212 677 3297 9,
695 3213 795 3282 Rome
815 3215 902 3300 apud
920 3233 945 3283 s.
967 3214 1106 3282 Petrum

265 3416 446 3487 Venerabili
467 3418 554 3505 patri
586 3438 623 3488 ae
643 3418 769 3489 domino
789 3418 932 3488 Honorio
950 3426 1061 3489 macte
1081 3418 1224 3487 Romano
1255 3417 1385 3488 welesle
1412 3438 1536 3488 summo
1566 3419 1718 3505 pontifici

167 3516 216 3587 W.
235 3519 299 3587 dna
319 3520 449 3589 Polonie
467 3527 615 3607 paratum
647 3521 816 3591 adomnia
837 3541 895 3591 sue
916 3522 1119 3591 subiectionis
1141 3519 1335 3607 obsequium
1385 3520 1466 3589 Cum
1493 3522 1629 3590 meamus
1650 3523 1720 3589 eins

166 3622 197 3688 in
219 3624 313 3690 terris
334 3624 407 3691 sitis
427 3625 579 3692 divinitus
599 3626 801 3704 constitutus
821 3625 921 3709 quiet
942 3624 1033 3692 firma
1053 3623 1240 3692 comburat
1259 3629 1294 3691 et
1312 3623 1416 3693 naeu
1438 3623 1631 3706 consolidat,
1653 3645 1720 3692 ma·

166 3724 246 3791 xime
271 3725 305 3792 in
326 3727 388 3794 lriia
414 3733 518 3796 rastra
539 3728 739 3796 auctoritatis
766 3726 864 3795 robur
885 3727 1040 3795 medimna
1060 3745 1276 3810 wacaeorum,
1312 3746 1374 3812 que
1396 3728 1467 3813 paci
1489 3733 1665 3796 consonant
1685 3733 1720 3795 et

166 3825 248 3910 piam
281 3830 437 3898 unitatem
465 3848 504 3897 ea
526 3830 658 3898 disemis
678 3831 821 3898 vinciunt
839 3834 873 3898 et
894 3817 1096 3915 compluunt
1131 3829 1250 3897 Valens
1271 3829 1371 3914 igitur
1405 3831 1438 3897 in
1469 3830 1569 3915 gestis
1601 3829 1720 3896 nostru

166 3927 312 4013 legitimis
333 3933 430 4000 etiam
453 3952 492 4001 ex
510 3934 710 4001 auctoritatis
721 3940 825 4003 restra
847 3933 1042 4019 plenitudine
1063 3935 1224 4001 munimen
1245 3932 1361 4002 habere
1380 3940 1533 4019 perpetue
1546 3933 1718 4010 firmitatis,

167 4037 291 4113 paetum
324 4035 408 4119 qnod
441 4037 525 4103 inter
557 4055 608 4104 me
637 4042 671 4103 et
691 4043 838 4122 nepotem
859 4057 965 4104 mcum
986 4036 1149 4105 dominum
1182 4037 1225 4104 ll
1246 4036 1358 4105 dueern
1376 4036 1499 4104 Zeleaie
1520 4036 1560 4104 de
1580 4038 1721 4104 virorum

166 4135 352 4216 prudentum
373 4144 407 4205 et
425 4139 620 4224 prelatorum
641 4138 770 4206 ecclesie
791 4139 921 4207 consilio
943 4139 1130 4223 intervenit,
1152 4140 1339 4225 paternitati
1360 4144 1467 4207 rastra
1484 4139 1586 4224 dirigo
1607 4139 1721 4209 aendr-

166 4239 321 4323 mundum
358 4242 443 4327 quod
465 4242 506 4311 ad
527 4243 680 4310 nidorem
701 4242 860 4312 cautelam
880 4243 955 4311 huie
973 4249 1082 4311 nostro
1104 4243 1224 4328 scripto
1244 4242 1285 4310 do
1305 4242 1401 4311 verbo
1423 4240 1616 4310 adverbum
1638 4242 1721 4309 inse·

166 4342 293 4426 ruimus,
315 4346 401 4431 quod
423 4347 487 4414 tale
506 4352 565 4413 est

266 4446 333 4531 Ego
347 4448 552 4516 Vlodizlavus
566 4467 698 4532 magnus
712 4448 777 4516 dux
791 4447 933 4532 Polonia,
955 4448 1156 4518 considerata
1175 4448 1317 4517 utilitate
1338 4454 1406 4516 tam
1428 4455 1514 4518 terre
1534 4466 1604 4516 moe
1625 4466 1720 4532 quum
1866 4507 1870 4518 ,
1989 4401 1996 4414 “

166 4549 286 4630 nepotis
312 4556 345 4618 et
366 4552 537 4636 compatris
559 4551 620 4618 mei
641 4550 729 4618 ducis
751 4551 898 4637 Henriei,
921 4551 1065 4620 consensi
1086 4553 1120 4618 in
1140 4550 1230 4620 ledus
1252 4551 1392 4620 amicitie
1413 4570 1485 4619 cum
1505 4549 1597 4637 ipso,
1631 4550 1719 4617 nullo

168 4651 303 4733 tempore
325 4654 515 4722 uiolandum.
554 4653 631 4720 Inde
652 4655 809 4738 estquod
831 4654 961 4739 promisi
983 4655 1027 4737 ci,
1056 4653 1141 4739 quod
1162 4673 1221 4738 pro
1242 4673 1335 4740 posse
1356 4672 1427 4722 meo
1448 4655 1598 4722 acutam
1618 4651 1721 4720 eidem

166 4749 205 4815 ul
226 4752 375 4824 honorem
397 4757 497 4842 ipsius
519 4756 766 4824 conservandum
780 4763 814 4825 et
828 4756 1071 4824 reformandum.
1094 4755 1178 4822 Illud
1199 4774 1325 4841 quoquo
1346 4756 1408 4824 sibi
1428 4754 1570 4841 promisi,
1590 4760 1630 4822 ut
1649 4756 1720 4821 nul·

165 4850 229 4921 lum
243 4865 420 4942 respectum
435 4859 475 4928 ad
490 4860 629 4942 aliquam
639 4865 763 4943 partem
775 4866 859 4927 terre
881 4877 977 4943 quam
986 4877 1071 4926 nune
1083 4857 1225 4943 possidet
1245 4878 1384 4943 unquam
1396 4859 1563 4940 habiturus
1574 4857 1644 4925 sim.
1660 4857 1720 4926 Oc-

167 4956 321 5028 casionem
336 4982 461 5049 quoque
475 4962 630 5030 discordie
651 4961 811 5046 precidere
832 4961 940 5028 rolens
957 4961 1121 5046 spopondi,
1143 4962 1229 5045 quod
1250 4962 1393 5029 honriues
1406 4962 1468 5029 mei
1482 4961 1625 5030 homines
1646 4979 1721 5030 suos

167 5060 279 5128 omisso
294 5064 409 5133 iudicio
421 5064 548 5131 uadmre
566 5065 745 5132 nullatenus
760 5070 957 5146 presumant:
980 5064 1036 5131 sed
1050 5069 1084 5131 ct
1098 5063 1240 5132 homiues
1254 5063 1515 5152 ipsiusiugitieos
1536 5083 1557 5132 a
1579 5069 1721 5150 tempore
1837 5076 1839 5080 ‘

166 5161 310 5248 colloquii
332 5168 431 5235 habiti
454 5169 487 5234 in
510 5167 683 5250 Znudovel,
713 5179 780 5235 tam
801 5187 823 5234 a
844 5185 894 5234 mc
917 5185 1012 5251 quam
1034 5186 1055 5234 a
1076 5166 1154 5234 meis
1175 5167 1336 5250 detentos,
1356 5167 1533 5235 restituam.
1567 5165 1620 5233 Ad
1640 5167 1721 5234 illud

166 5263 260 5332 etium
282 5272 459 5353 specialiter
480 5290 531 5338 mc
552 5269 704 5354 obligari,
741 5275 779 5335 ut
811 5268 896 5336 iures
918 5274 985 5337 iam
1006 5268 1225 5337 fraudulentos
1254 5287 1350 5354 qnam
1372 5268 1526 5336 violentes
1553 5269 1637 5339 bona
1658 5271 1721 5338 tide

166 5364 324 5438 eulrilreuur
346 5381 380 5439 et
401 5375 622 5455 ermemirum,
660 5392 700 5440 ιιι
720 5371 849 5456 aliquod
872 5377 1111 5448 nocumentum,
1143 5372 1279 5441 rrraxime
1301 5380 1386 5453 torre
1408 5371 1543 5458 predicti
1564 5372 1656 5441 ducis
1677 5374 1720 5444 H.
1851 5371 1852 5376 ’
