4574 6240
1314 655 1388 741 Nu.
1422 646 1490 741 67.

737 851 977 936 Innocentius
1008 852 1071 957 Pp.
1098 851 1162 936 111
1192 856 1321 935 1210
1349 851 1443 956 Sept
1469 858 1516 949 4,
1549 851 1742 955 Laterani3
1782 869 1914 938 manum
1946 843 2170 973 miiepismp,

631 972 820 1058 Gnezuenei,
842 979 880 1040 ut
900 973 933 1039 iu
954 972 1084 1041 Pruseia
1105 993 1161 1058 por
1183 973 1399 1041 Christianum
1422 981 1456 1041 ot
1476 972 1656 1058 Philippum
1670 972 1840 1040 monachos
1854 971 1895 1040 ad
1909 959 2004 1041 tidem
2026 974 2169 1059 Christis.

633 1092 708 1145 naun
730 1076 897 1154 conuersis,
918 1075 1017 1144 dones
1038 1077 1199 1161 proprium
1228 1076 1409 1161 episcopum
1435 1076 1639 1158 obtinuerint,
1663 1093 1770 1143 euram
1791 1075 1984 1161 pastoralem
2006 1077 2168 1165 imponunt

735 1182 856 1246 saeze
890 1182 1043 1260 Epistulae
1071 1181 1242 1246 iunocentii
1271 1183 1329 1261 Pp.
1355 1182 1424 1262 111,
1452 1200 1498 1262 ep.
1519 1181 1593 1245 128.
1634 1182 1803 1261 Momiproe.
1837 1183 1969 1246 Αιιιιαὶει
2001 1184 2169 1260 disteretea.

560 1285 565 1299 '
631 1287 708 1348 ιιιιιι
731 1284 853 1366 111‚p.
875 1284 948 1347 531.

736 1539 744 1557 .
768 1538 777 1558 .
797 1485 976 1558 Gnaeueusi
997 1485 1241 1572 archiepiscopo.
1264 1485 1399 1555 citatis
1419 1486 1560 1573 egrioola
1580 1486 1671 1555 lesus
1686 1485 1833 1554 Obrutus
1845 1493 1948 1555 semet
1965 1487 2067 1572 ipsum
2082 1493 2172 1570 ritem

632 1610 739 1662 reram
761 1597 796 1661 et
815 1590 952 1659 fertilem
969 1590 1004 1658 in
1024 1591 1117 1659 vinea
1136 1609 1194 1658 sua
1215 1588 1317 1658 electa
1337 1590 1504 1675 plautavit,
1523 1608 1562 1658 ex
1576 1609 1641 1675 qno
1654 1589 1824 1658 multitudo
1838 1590 2004 1675 pulmitum
2024 1594 2171 1684 prodiens,

631 1713 696 1765 nou
716 1694 820 1763 solum
842 1693 930 1763 illem
951 1712 1096 1762 emesam
1111 1691 1277 1775 viroribus,
1302 1704 1413 1759 ‘rerum
1439 1693 1536 1760 etiarn
1554 1690 1709 1760 ductibus
1734 1690 1883 1760 reddemt
1905 1694 2086 1778 grutiosam.
2128 1702 2173 1772 Ex

631 1797 696 1866 iate
716 1797 864 1865 nimirum
881 1798 947 1865 vite
967 1796 1109 1882 (ιιιοιίᾱίε
1130 1802 1180 1864 ιοι
1204 1796 1351 1881 palmites
1379 1796 1548 1881 pullulent,
1576 1801 1656 1881 quot
1681 1797 1714 1864 in
1740 1797 1953 1866 eeclesiastico
1977 1798 2108 1868 unitatis
2127 1824 2173 1875 η.

630 1900 701 1970 dloe
726 1899 865 1985 fundati,
891 1900 932 1970 ad
958 1907 1068 1968 saneta
1091 1900 1337 1969 conversationis
1364 1899 1504 1968 studium
1533 1898 1741 1968 extendentes
1769 1918 1804 1968 se
1828 1919 1886 1986 per
1916 1920 2013 1985 opera
2041 1903 2172 1992 pietatis,

630 2022 694 2073 non
714 2003 817 2072 solum
837 2004 962 2071 interne
983 2002 1086 2087 gratie
1104 2005 1209 2071 virore
1229 2008 1426 2087 turgescunt,
1448 2001 1506 2071 sed
1527 2003 1625 2070 etiam
1646 2001 1796 2072 laudabili
1821 2004 2048 2073 axmdtatione
2072 2004 2174 2078 uocu-

630 2106 729 2177 lieant
748 2107 783 2175 in
804 2105 996 2193 profectibus
1017 2107 1241 2193 proximorum.
1284 2106 1323 2174 Iu
1344 2106 1404 2175 luas
1424 2106 1579 2192 siquidem
1601 2105 1747 2175 laborare
1767 2105 1859 2174 duee
1879 2106 1987 2177 dilecti
2009 2107 2066 2174 tilii
2090 2109 2174 2180 Obri-

631 2211 763 2294 stieuua,
785 2211 949 2297 Philippus
970 2215 1005 2279 et
1025 2211 1153 2296 quidam
1174 2211 1230 2279 alii
1252 2211 1398 2279 mousobi
1412 2211 1464 2296 pio
1478 2209 1636 2278 desiderio
1650 2211 1824 2295 cupientes,
1837 2209 1924 2277 ilbus
1939 2208 2058 2277 dudum
2072 2231 2173 2284 eruore

631 2314 773 2382 monensi
794 2314 849 2400 qui
870 2315 1026 2382 nemiuem
1049 2314 1119 2381 vult
1139 2315 1257 2398 perire,
1281 2313 1324 2381 ed
1344 2319 1454 2399 pertas
1472 2311 1584 2381 Prusie
1603 2312 1645 2381 de
1666 2318 1777 2381 nostra
1797 2311 1928 2380 licentia
1947 2312 1982 2379 iu
2002 2313 2174 2387 humilitate

631 2415 763 2502 spiritus
783 2423 994 2500 assesserunt,
1015 2422 1053 2484 ut
1073 2415 1191 2484 ibidem
1211 2434 1388 2484 sermonem
1409 2414 1508 2484 Verbi
1534 2415 1683 2484 dominici
1709 2415 1904 2497 seminando,
1925 2415 1960 2483 in
1980 2415 2093 2486 umbra
2110 2419 2175 2488 infi-

629 2517 774 2588 delitatis
796 2524 831 2587 et
843 2518 982 2588 tenebris
997 2519 1174 2604 ignorantie
1186 2518 1307 2604 positos
1329 2518 1370 2588 ad
1390 2519 1537 2586 semitam
1557 2517 1747 2587 rmusemnt
1762 2518 1917 2586 ιειιιιιιίιι.
1951 2516 2042 2599 Quod
2062 2521 2175 2590 aunis

632 2626 752 2692 terram
784 2622 907 2691 bonam.
933 2605 967 2691 et
994 2621 1131 2690 fertilem
1157 2622 1334 2705 cecidisset,
1363 2621 1500 2689 insutum
1531 2621 1667 2706 protulit
1691 2627 1902 2707 opportunum
1932 2622 2000 2689 eius
2029 2630 2175 2708 preeunte

630 2726 746 2811 meda,
768 2725 823 2811 qui
848 2731 940 2794 voest
963 2743 1004 2794 aa
1029 2741 1092 2808 que
1116 2743 1179 2792 uon
1208 2731 1284 2793 sunt
1309 2730 1460 2809 anquam
1486 2742 1526 2791 ea
1549 2741 1613 2808 que
1640 2729 1716 2792 sunt
1742 2730 1777 2791 et
1801 2742 1841 2792 ex
1866 2722 2023 2809 lapidibus
2048 2724 2176 2793 suarim

630 2827 713 2896 lllloa
734 2827 875 2897 Abrshe:
894 2828 1022 2914 quidum
1045 2834 1209 2912 magnetes
1231 2834 1265 2895 et
1285 2828 1341 2896 alii
1363 2827 1500 2912 regionis
1520 2826 1607 2894 illius
1622 2825 1860 2896 Sacramentum
1874 2825 2074 2911 baptismatis
2094 2845 2175 2895 reee-
2206 2873 2209 2879 -

629 2935 757 3016 petunt,
779 2936 814 3000 et
832 2931 873 2999 de
893 2930 944 2998 die
968 2931 1003 2998 in
1026 2931 1110 2999 diem
1135 2929 1287 3014 prolicere
1312 2929 1540 3014 dignoscuntur
1564 2930 1598 2997 in
1621 2929 1766 2997 doctrine
1788 2927 1861 2998 fidei
1890 2924 2074 3011 oitbodoxe,
2099 2930 2176 2998 sioru

628 3033 724 3102 iidem
745 3032 890 3101 monachi
911 3052 1012 3118 nuper
1033 3033 1076 3101 od
1097 3032 1210 3101 Sedens
1232 3033 1438 3119 apostolicam
1462 3035 1624 3101 uenientes
1645 3038 1754 3100 nostro
1774 3033 1969 3117 apostolatui
1991 3032 2174 3100 reserarunt

630 3124 710 3204 (luni
731 3135 829 3222 igitur
847 3134 1025 3204 huiusmodi
1045 3136 1170 3204 novella
1191 3136 1348 3221 plantatio
1370 3134 1520 3203 beneficio
1539 3135 1733 3221 irrigationis
1745 3135 1896 3220 indigeat,
1918 3134 2113 3204 bateruitsti
2125 3140 2176 3202 tue

629 3238 824 3324 presentium
844 3239 1039 3307 auotoritete
1064 3239 1264 3321 mandamus,
1290 3245 1447 3324 quatenus
1469 3239 1588 3308 eisdem
1613 3239 1775 3307 monastria
1798 3244 1834 3307 et
1856 3239 2008 3309 iratribus
2030 3239 2097 3306 suis
2121 3257 2176 3306 neo

629 3358 693 3409 uon
715 3346 749 3409 et
769 3341 841 3408 aliis
860 3340 902 3408 ad
922 3342 1018 3409 tidem
1038 3341 1079 3409 de
1098 3360 1179 3409 novo
1198 3342 1367 3425 conuersis,
1389 3343 1423 3410 in
1445 3340 1667 3410 ecelesiasticis
1688 3340 1901 3410 Βαοηιιιιιιιὶι
1922 3348 1958 3410 ιιι
1973 3343 2045 3410 aliis
2062 3359 2125 3427 que
2138 3339 2177 3408 ed

629 3443 843 3529 ampliandum
866 3444 1047 3514 christiane
1069 3444 1229 3530 religionis
1251 3445 1372 3513 cultum
1392 3451 1536 3530 spectare
1556 3451 1739 3528 nosmnmr,
1762 3445 1873 3513 tandiu
1892 3465 2000 3515 sununs
2014 3446 2108 3514 offici
2124 3464 2176 3530 po

629 3548 757 3617 storalis
780 3549 958 3633 impendas,
985 3547 1085 3617 donee
1118 3549 1224 3616 drino
1253 3546 1389 3616 auena
1420 3548 1587 3616 clementia
1613 3547 1692 3616 adeo
1721 3547 1838 3618 ibidem
1866 3569 2015 3619 numerus
2041 3548 2177 3617 fidelium

520 3731 524 3740 ‚
629 3657 793 3737 augeatur,
814 3658 854 3720 ut
873 3653 1037 3738 proprium
1058 3653 1181 3737 possint
1203 3651 1383 3737 episeopum
1409 3651 1560 3720 abunere
1604 3651 1779 3737 Episcopus
1803 3654 1901 3722 etiarn
1927 3660 1962 3722 et
1981 3653 2061 3721 alios
2082 3651 2176 3720 eoele-

628 3753 747 3823 siurum
778 3755 917 3840 prelatos
949 3773 988 3823 ao
1017 3759 1102 3823 terra
1130 3758 1293 3838 magnates
1321 3771 1451 3821 moneas
1479 3754 1645 3822 sollieitius
1673 3760 1708 3823 et
1729 3755 1874 3839 indueus,
1899 3762 1939 3824 ut
1966 3776 2025 3842 pro
2056 3755 2126 3823 Deo
2145 3759 2178 3821 et

628 3863 759 3944 propter
779 3857 881 3926 Deum
902 3858 948 3925 eis
969 3859 1096 3943 propitii
1118 3878 1156 3926 oc
1175 3855 1366 3926 favorabiles
1387 3857 1573 3940 existentes,
1599 3857 1655 3926 ubi
1680 3859 1809 3943 dignum
1829 3858 1936 3942 fuerit,
1962 3860 2108 3944 gratiam,
2129 3875 2177 3924 so

627 3959 740 4028 latium
755 3965 790 4029 et
799 3960 1030 4030 humanitatem
1043 3960 1235 4046 impendunt
1260 3958 1378 4027 Datum
1390 3959 1773 4047 Latersuipridiellouaa
1784 3962 1989 4049 Septembris,
2000 3959 2175 4031 auuoillll

1312 4261 1385 4347 Nr.
1429 4257 1500 4347 68.

735 4455 853 4542 liuoes
887 4458 1013 4542 testeo
1047 4457 1232 4559 bresorio,
1260 4458 1444 4543 domatus
1470 4457 1655 4560 Mauorte
1687 4458 1919 4543 Wladislsus
1947 4462 1991 4543 de
2018 4459 2116 4544 tulis
2142 4457 2176 4540 et

630 4576 802 4661 szimir
834 4579 877 4660 db
905 4577 993 4683 [lpol
1020 4600 1049 4662 s.
1076 4601 1109 4661 ti.
1136 4579 1171 4661 (1.
1198 4581 1234 4661 ei
1260 4579 1306 4682 l.;
1336 4597 1444 4665 iurant
1474 4595 1613 4698 ilenrico
1646 4596 1833 4666 Polonorurn
1864 4597 2111 4682 archiepiscopo,
2144 4611 2177 4661 se

627 4698 864 4766 immunitatem
886 4699 1037 4766 ecclesiae
1055 4698 1221 4768 Polouicae
1242 4705 1433 4767 servaturos.

735 4804 873 4867 dniezno.
910 4807 1026 4868 Aeetia
1058 4807 1187 4884 Capituli
1214 4807 1370 4884 Metropol
1401 4804 1463 4869 sto.
1481 4806 1578 4884 privii
1600 4806 1638 4870 Χ
1641 4806 1668 4868 V
1683 4824 1741 4870 sec.
1761 4807 1815 4884 soi.
1837 4807 1868 4870 1.
1896 4808 2092 4886 Traeissrsmpt
2113 4799 2168 4883 po‘·

628 4909 809 4987 inierdzooep
824 4927 936 4987 perez:
957 4905 1158 4974 Innocentius
1173 4907 1229 4991 Pp.
1247 4906 1295 4974 111
1313 4906 1732 4989 insubsistentiam
1760 4912 1813 4976 lb.
1827 4909 2024 4975 Piekosieielci.
2041 4912 2115 4974 d'od
2127 4910 2177 4986 do·

623 5003 746 5092 plotini.
772 5013 906 5090 tatedry
926 5010 1130 5088 irokowsicidj
1149 5014 1202 5075 Nr.
1228 5013 1281 5077 10.
1313 5015 1528 5092 (srmsaaepr
1556 5018 1673 5093 orygis
1696 5016 1922 5097 pontenay
1948 5033 2059 5096 prees:
2089 5011 2178 5079 luno-

627 5113 751 5180 uentius
768 5111 825 5198 Pp.
848 5111 896 5179 111
920 5112 1003 5179 1215
1025 5109 1102 5181 Deo.
1126 5112 1178 5196 29,
1201 5112 1379 5199 Laterani).
2226 5142 2229 5147 ·

729 5300 882 5383 Quoniam
902 5307 1014 5371 sancta
1033 5307 1136 5370 muter
1150 5301 1294 5370 Eoelusia
1315 5300 1519 5388 diligentibus
1542 5322 1614 5372 enno
1634 5303 1770 5373 libenter
1790 5303 1953 5374 ministrat
1972 5325 2011 5372 ou
2030 5323 2093 5390 quo
2111 5298 2178 5386 Spi-

557 5487 561 5493 ,
626 5405 708 5472 ritus
728 5412 814 5489 suut,
835 5424 898 5501 uon
919 5424 1065 5490 umguum
1087 5410 1137 5474 ost
1164 5407 1193 5472 si
1223 5407 1382 5491 quispiam
1411 5407 1664 5477 Christianorum
1688 5410 1721 5476 iu
1740 5409 1967 5494 temporalibus
1993 5409 2052 5475 sibi
2082 5403 2178 5475 morli·
