<?xml version="1.0" encoding="UTF-8"?>
<!DOCTYPE html PUBLIC "-//W3C//DTD XHTML 1.0 Transitional//EN"
    "http://www.w3.org/TR/xhtml1/DTD/xhtml1-transitional.dtd">
<html xmlns="http://www.w3.org/1999/xhtml" xml:lang="en" lang="en">
 <head>
  <title>
</title>
<meta http-equiv="Content-Type" content="text/html;charset=utf-8" />
  <meta name='ocr-system' content='tesseract 3.04.00' />
  <meta name='ocr-capabilities' content='ocr_page ocr_carea ocr_par ocr_line ocrx_word'/>
</head>
<body>
  <div class='ocr_page' id='page_1' title='image "./codexdiplomatic00zakrgoog_0355.png"; bbox 0 0 4574 6240; ppageno 0'>
   <div class='ocr_carea' id='block_1_1' title="bbox 552 295 624 402">
    <p class='ocr_par' dir='ltr' id='par_1_1' title="bbox 552 295 624 402">
     <span class='ocr_line' id='line_1_1' title="bbox 552 295 624 402; baseline 0.042 -34"><span class='ocrx_word' id='word_1_1' title='bbox 552 295 624 402; x_wconf 82' lang='lat' dir='ltr'><strong>nc</strong></span> 
     </span>
    </p>
   </div>
   <div class='ocr_carea' id='block_1_2' title="bbox 542 490 2193 993">
    <p class='ocr_par' dir='ltr' id='par_1_2' title="bbox 542 490 2193 993">
     <span class='ocr_line' id='line_1_2' title="bbox 543 490 2193 581; baseline 0.001 -18"><span class='ocrx_word' id='word_1_2' title='bbox 543 491 685 564; x_wconf 73' lang='lat' dir='ltr'><strong>fidelium</strong></span> <span class='ocrx_word' id='word_1_3' title='bbox 705 495 916 565; x_wconf 81' lang='lat' dir='ltr'><strong>ettestocionc</strong></span> <span class='ocrx_word' id='word_1_4' title='bbox 928 495 1116 566; x_wconf 88' lang='lat' dir='ltr'><strong>clericorum</strong></span> <span class='ocrx_word' id='word_1_5' title='bbox 1129 499 1164 564; x_wconf 91' lang='lat' dir='ltr'><strong>et</strong></span> <span class='ocrx_word' id='word_1_6' title='bbox 1176 493 1338 580; x_wconf 84' lang='lat' dir='ltr'><strong>laycorum</strong></span> <span class='ocrx_word' id='word_1_7' title='bbox 1353 514 1486 581; x_wconf 88' lang='lat' dir='ltr'><strong>quorum</strong></span> <span class='ocrx_word' id='word_1_8' title='bbox 1499 495 1587 564; x_wconf 88' lang='lat' dir='ltr'><strong>Deus</strong></span> <span class='ocrx_word' id='word_1_9' title='bbox 1601 493 1732 562; x_wconf 86' lang='lat' dir='ltr'><strong>nomine</strong></span> <span class='ocrx_word' id='word_1_10' title='bbox 1745 492 1844 562; x_wconf 80' lang='lat' dir='ltr'><strong>novit</strong></span> <span class='ocrx_word' id='word_1_11' title='bbox 1873 490 1938 561; x_wconf 85' lang='lat' dir='ltr'><strong>Ubi</strong></span> <span class='ocrx_word' id='word_1_12' title='bbox 1955 491 2016 561; x_wconf 86' lang='lat' dir='ltr'><strong>hoc</strong></span> <span class='ocrx_word' id='word_1_13' title='bbox 2029 492 2093 566; x_wconf 83' lang='lat' dir='ltr'><strong>luc·</strong></span> <span class='ocrx_word' id='word_1_14' title='bbox 2146 548 2149 554; x_wconf 20' lang='lat' dir='ltr'><strong>r</strong></span> <span class='ocrx_word' id='word_1_15' title='bbox 2191 492 2193 496; x_wconf 72' lang='grc'>’</span> 
     </span>
     <span class='ocr_line' id='line_1_3' title="bbox 544 596 2095 681; baseline 0.001 -15"><span class='ocrx_word' id='word_1_16' title='bbox 544 602 617 667; x_wconf 83' lang='lat' dir='ltr'><strong>tum</strong></span> <span class='ocrx_word' id='word_1_17' title='bbox 630 604 665 667; x_wconf 91' lang='lat' dir='ltr'><strong>et</strong></span> <span class='ocrx_word' id='word_1_18' title='bbox 675 603 816 667; x_wconf 73' lang='lat' dir='ltr'><strong>nocuum</strong></span> <span class='ocrx_word' id='word_1_19' title='bbox 830 599 1034 668; x_wconf 76' lang='lat' dir='ltr'><strong>donacionem</strong></span> <span class='ocrx_word' id='word_1_20' title='bbox 1048 604 1082 667; x_wconf 88' lang='lat' dir='ltr'><strong>et</strong></span> <span class='ocrx_word' id='word_1_21' title='bbox 1096 598 1345 681; x_wconf 79' lang='lat' dir='ltr'><strong>ossignaciouem</strong></span> <span class='ocrx_word' id='word_1_22' title='bbox 1359 600 1477 667; x_wconf 92' lang='lat' dir='ltr'><strong>domini</strong></span> <span class='ocrx_word' id='word_1_23' title='bbox 1487 598 1547 667; x_wconf 87' lang='lat' dir='ltr'><strong>Dei</strong></span> <span class='ocrx_word' id='word_1_24' title='bbox 1561 603 1595 666; x_wconf 90' lang='lat' dir='ltr'><strong>et</strong></span> <span class='ocrx_word' id='word_1_25' title='bbox 1609 597 1761 665; x_wconf 85' lang='lat' dir='ltr'><strong>iratribus</strong></span> <span class='ocrx_word' id='word_1_26' title='bbox 1775 596 1907 665; x_wconf 82' lang='lat' dir='ltr'><strong>claustri</strong></span> <span class='ocrx_word' id='word_1_27' title='bbox 1920 597 2022 663; x_wconf 88' lang='lat' dir='ltr'><strong>nostri</strong></span> <span class='ocrx_word' id='word_1_28' title='bbox 2036 596 2095 667; x_wconf 88' lang='lat' dir='ltr'><strong>Pa·</strong></span> 
     </span>
     <span class='ocr_line' id='line_1_4' title="bbox 542 698 2095 781; baseline -0.001 -12"><span class='ocrx_word' id='word_1_29' title='bbox 542 699 643 769; x_wconf 81' lang='lat' dir='ltr'><strong>rudini</strong></span> <span class='ocrx_word' id='word_1_30' title='bbox 657 700 781 770; x_wconf 88' lang='lat' dir='ltr'><strong>irritum</strong></span> <span class='ocrx_word' id='word_1_31' title='bbox 799 702 930 770; x_wconf 83' lang='lat' dir='ltr'><strong>iecerint</strong></span> <span class='ocrx_word' id='word_1_32' title='bbox 942 710 976 771; x_wconf 93' lang='lat' dir='ltr'><strong>et</strong></span> <span class='ocrx_word' id='word_1_33' title='bbox 990 720 1045 772; x_wconf 86' lang='lat' dir='ltr'><strong>eos</strong></span> <span class='ocrx_word' id='word_1_34' title='bbox 1059 701 1197 769; x_wconf 85' lang='lat' dir='ltr'><strong>indebite</strong></span> <span class='ocrx_word' id='word_1_35' title='bbox 1211 701 1352 779; x_wconf 76' lang='lat' dir='ltr'><strong>leserint,</strong></span> <span class='ocrx_word' id='word_1_36' title='bbox 1372 701 1518 769; x_wconf 82' lang='lat' dir='ltr'><strong>excludat</strong></span> <span class='ocrx_word' id='word_1_37' title='bbox 1531 719 1585 769; x_wconf 88' lang='lat' dir='ltr'><strong>eos</strong></span> <span class='ocrx_word' id='word_1_38' title='bbox 1602 700 1758 767; x_wconf 80' lang='lat' dir='ltr'><strong>Dominus</strong></span> <span class='ocrx_word' id='word_1_39' title='bbox 1771 699 1812 767; x_wconf 91' lang='lat' dir='ltr'><strong>de</strong></span> <span class='ocrx_word' id='word_1_40' title='bbox 1826 699 1934 767; x_wconf 88' lang='lat' dir='ltr'><strong>celesti</strong></span> <span class='ocrx_word' id='word_1_41' title='bbox 1949 698 2095 781; x_wconf 73' lang='lat' dir='ltr'><strong>paradiso</strong></span> 
     </span>
     <span class='ocr_line' id='line_1_5' title="bbox 542 799 2094 890; baseline 0.001 -20"><span class='ocrx_word' id='word_1_42' title='bbox 542 801 573 870; x_wconf 87' lang='lat' dir='ltr'><strong>sl</strong></span> <span class='ocrx_word' id='word_1_43' title='bbox 594 820 658 871; x_wconf 89' lang='lat' dir='ltr'><strong>nou</strong></span> <span class='ocrx_word' id='word_1_44' title='bbox 678 803 872 888; x_wconf 87' lang='lat' dir='ltr'><strong>resipiscunt</strong></span> <span class='ocrx_word' id='word_1_45' title='bbox 905 805 1024 872; x_wconf 88' lang='lat' dir='ltr'><strong>Datum</strong></span> <span class='ocrx_word' id='word_1_46' title='bbox 1044 823 1126 871; x_wconf 87' lang='lat' dir='ltr'><strong>unuo</strong></span> <span class='ocrx_word' id='word_1_47' title='bbox 1148 821 1231 880; x_wconf 88' lang='lat' dir='ltr'><strong>anuo</strong></span> <span class='ocrx_word' id='word_1_48' title='bbox 1252 805 1328 890; x_wconf 88' lang='lat' dir='ltr'><strong>(sic)</strong></span> <span class='ocrx_word' id='word_1_49' title='bbox 1349 803 1391 872; x_wconf 89' lang='lat' dir='ltr'><strong>ab</strong></span> <span class='ocrx_word' id='word_1_50' title='bbox 1411 804 1635 871; x_wconf 84' lang='lat' dir='ltr'><strong>Iucuruucicue</strong></span> <span class='ocrx_word' id='word_1_51' title='bbox 1664 801 1791 869; x_wconf 86' lang='lat' dir='ltr'><strong>Domini</strong></span> <span class='ocrx_word' id='word_1_52' title='bbox 1818 799 2094 883; x_wconf 69' lang='lat' dir='ltr'><strong>licemini</strong></span> 
     </span>
     <span class='ocr_line' id='line_1_6' title="bbox 545 902 1786 993; baseline -0.002 -19"><span class='ocrx_word' id='word_1_53' title='bbox 545 902 706 975; x_wconf 83' lang='lat' dir='ltr'><strong>Kalendas</strong></span> <span class='ocrx_word' id='word_1_54' title='bbox 724 905 898 992; x_wconf 73' lang='lat' dir='ltr'>Februarii,</span> <span class='ocrx_word' id='word_1_55' title='bbox 915 907 1040 993; x_wconf 84' lang='lat' dir='ltr'><strong>Epactu</strong></span> <span class='ocrx_word' id='word_1_56' title='bbox 1060 906 1209 974; x_wconf 84' lang='lat' dir='ltr'><strong>vicesima</strong></span> <span class='ocrx_word' id='word_1_57' title='bbox 1226 912 1326 989; x_wconf 73' lang='lat' dir='ltr'><strong>sextu,</strong></span> <span class='ocrx_word' id='word_1_58' title='bbox 1347 905 1524 975; x_wconf 85' lang='lat' dir='ltr'><strong>Indictinue</strong></span> <span class='ocrx_word' id='word_1_59' title='bbox 1545 905 1667 990; x_wconf 79' lang='lat' dir='ltr'><strong>quote</strong></span> <span class='ocrx_word' id='word_1_60' title='bbox 1700 904 1786 991; x_wconf 86' lang='lat' dir='ltr'><strong>(sic).</strong></span> 
     </span>
    </p>
   </div>
   <div class='ocr_carea' id='block_1_3' title="bbox 546 1106 2097 1505">
    <p class='ocr_par' dir='ltr' id='par_1_3' title="bbox 546 1106 2097 1505">
     <span class='ocr_line' id='line_1_7' title="bbox 648 1106 2096 1194; baseline -0.004 -16"><span class='ocrx_word' id='word_1_61' title='bbox 648 1108 816 1178; x_wconf 81' lang='lat' dir='ltr'><strong>Puradims</strong></span> <span class='ocrx_word' id='word_1_62' title='bbox 842 1118 1009 1194; x_wconf 72' lang='lat' dir='ltr'><strong>vulpmioer</strong></span> <span class='ocrx_word' id='word_1_63' title='bbox 1039 1108 1242 1193; x_wconf 82' lang='lat' dir='ltr'><strong>Gostichovo‚</strong></span> <span class='ocrx_word' id='word_1_64' title='bbox 1275 1113 1343 1177; x_wconf 71' lang='lat' dir='ltr'><strong>uzu</strong></span> <span class='ocrx_word' id='word_1_65' title='bbox 1368 1116 1521 1192; x_wconf 65' lang='lat' dir='ltr'><strong>Pcrodyt</strong></span> <span class='ocrx_word' id='word_1_66' title='bbox 1570 1107 1724 1189; x_wconf 82' lang='lat' dir='ltr'><strong>Zaborov‚</strong></span> <span class='ocrx_word' id='word_1_67' title='bbox 1756 1110 1926 1176; x_wconf 66' lang='lat' dir='ltr'><strong>mono.</strong></span> <span class='ocrx_word' id='word_1_68' title='bbox 1970 1106 2096 1192; x_wconf 80' lang='lat' dir='ltr'><strong>Zokrei,</strong></span> 
     </span>
     <span class='ocr_line' id='line_1_8' title="bbox 547 1211 2097 1308; baseline -0.002 -29"><span class='ocrx_word' id='word_1_69' title='bbox 547 1215 718 1308; x_wconf 64' lang='lat' dir='ltr'><strong>Zadrame.</strong></span> <span class='ocrx_word' id='word_1_70' title='bbox 748 1213 939 1300; x_wconf 82' lang='lat' dir='ltr'><strong>Tsirotsovo,</strong></span> <span class='ocrx_word' id='word_1_71' title='bbox 955 1220 1119 1281; x_wconf 78' lang='lat' dir='ltr'><strong>Srocrervc.</strong></span> <span class='ocrx_word' id='word_1_72' title='bbox 1148 1214 1332 1298; x_wconf 78' lang='lat' dir='ltr'><strong>Polosircia,</strong></span> <span class='ocrx_word' id='word_1_73' title='bbox 1348 1219 1488 1281; x_wconf 68' lang='lat' dir='ltr'><strong>enemo.</strong></span> <span class='ocrx_word' id='word_1_74' title='bbox 1512 1212 1649 1293; x_wconf 69' lang='grc' dir='ltr'><strong>Κοίοιο,</strong></span> <span class='ocrx_word' id='word_1_75' title='bbox 1666 1211 1734 1275; x_wconf 77' lang='lat' dir='ltr'><strong>dzil</strong></span> <span class='ocrx_word' id='word_1_76' title='bbox 1747 1215 1828 1292; x_wconf 76' lang='lat' dir='ltr'><strong>lplko</strong></span> <span class='ocrx_word' id='word_1_77' title='bbox 1842 1215 1928 1293; x_wconf 73' lang='lat' dir='ltr'><strong>onipn</strong></span> <span class='ocrx_word' id='word_1_78' title='bbox 1941 1216 2026 1300; x_wconf 63' lang='lat' dir='ltr'><strong>lepor</strong></span> <span class='ocrx_word' id='word_1_79' title='bbox 2040 1231 2097 1276; x_wconf 87' lang='lat' dir='ltr'><strong>nu·</strong></span> 
     </span>
     <span class='ocr_line' id='line_1_9' title="bbox 546 1312 2096 1402; baseline -0.001 -19"><span class='ocrx_word' id='word_1_80' title='bbox 546 1319 668 1384; x_wconf 71' lang='lat' dir='ltr'><strong>mulo.</strong></span> <span class='ocrx_word' id='word_1_81' title='bbox 696 1315 916 1402; x_wconf 76' lang='lat' dir='ltr'><strong>tltmchmm,</strong></span> <span class='ocrx_word' id='word_1_82' title='bbox 935 1339 962 1382; x_wconf 76' lang='lat' dir='ltr'><strong>n·</strong></span> <span class='ocrx_word' id='word_1_83' title='bbox 983 1317 1030 1397; x_wconf 71' lang='lat' dir='ltr'><strong>ej</strong></span> <span class='ocrx_word' id='word_1_84' title='bbox 1048 1321 1166 1398; x_wconf 75' lang='lat' dir='ltr'><strong>odolicp</strong></span> <span class='ocrx_word' id='word_1_85' title='bbox 1185 1322 1279 1382; x_wconf 72' lang='lat' dir='ltr'><strong>modu</strong></span> <span class='ocrx_word' id='word_1_86' title='bbox 1296 1322 1412 1382; x_wconf 71' lang='lat' dir='ltr'><strong>milda</strong></span> <span class='ocrx_word' id='word_1_87' title='bbox 1454 1314 1661 1395; x_wconf 69' lang='lat' dir='ltr'><strong>Ohraustova</strong></span> <span class='ocrx_word' id='word_1_88' title='bbox 1688 1317 1887 1401; x_wconf 74' lang='lat' dir='ltr'><strong>Clrzpstowc.</strong></span> <span class='ocrx_word' id='word_1_89' title='bbox 1922 1312 2096 1397; x_wconf 82' lang='lat' dir='ltr'><strong>cmarsle,</strong></span> 
     </span>
     <span class='ocr_line' id='line_1_10' title="bbox 546 1413 2053 1505; baseline -0.001 -21"><span class='ocrx_word' id='word_1_90' title='bbox 546 1420 727 1486; x_wconf 66' lang='lat' dir='ltr'><strong>chrrkk.</strong></span> <span class='ocrx_word' id='word_1_91' title='bbox 769 1418 900 1504; x_wconf 81' lang='lat' dir='ltr'><strong>Gorscu,</strong></span> <span class='ocrx_word' id='word_1_92' title='bbox 920 1440 999 1488; x_wconf 80' lang='lat' dir='ltr'><strong>zuar.</strong></span> <span class='ocrx_word' id='word_1_93' title='bbox 1018 1421 1128 1505; x_wconf 78' lang='lat' dir='ltr'><strong>dorca,</strong></span> <span class='ocrx_word' id='word_1_94' title='bbox 1152 1421 1219 1486; x_wconf 66' lang='lat' dir='ltr'><strong>deii</strong></span> <span class='ocrx_word' id='word_1_95' title='bbox 1245 1424 1334 1486; x_wconf 79' lang='lat' dir='ltr'><strong>dora</strong></span> <span class='ocrx_word' id='word_1_96' title='bbox 1377 1419 1556 1502; x_wconf 82' lang='lat' dir='ltr'><strong>Brodeuits,</strong></span> <span class='ocrx_word' id='word_1_97' title='bbox 1579 1421 1743 1484; x_wconf 79' lang='lat' dir='ltr'><strong>Brodnicu.</strong></span> <span class='ocrx_word' id='word_1_98' title='bbox 1776 1413 1886 1501; x_wconf 79' lang='lat' dir='ltr'><strong>Guise,</strong></span> <span class='ocrx_word' id='word_1_99' title='bbox 1913 1419 2053 1483; x_wconf 65' lang='lat' dir='ltr'><strong>oweno.</strong></span> 
     </span>
    </p>
   </div>
   <div class='ocr_carea' id='block_1_4' title="bbox 1215 1659 1423 1805">
    <p class='ocr_par' dir='ltr' id='par_1_4' title="bbox 1215 1659 1423 1805">
     <span class='ocr_line' id='line_1_11' title="bbox 1215 1659 1423 1805; baseline 0 -1"><span class='ocrx_word' id='word_1_100' title='bbox 1215 1659 1290 1805; x_wconf 74' lang='grc' dir='ltr'><strong>Νι.</strong></span> <span class='ocrx_word' id='word_1_101' title='bbox 1324 1713 1423 1804; x_wconf 83' lang='grc'><strong>129.</strong></span> 
     </span>
    </p>
   </div>
   <div class='ocr_carea' id='block_1_5' title="bbox 544 1907 2098 2327">
    <p class='ocr_par' dir='ltr' id='par_1_5' title="bbox 544 1907 2097 2120">
     <span class='ocr_line' id='line_1_12' title="bbox 649 1907 2097 2017; baseline -0.001 -20"><span class='ocrx_word' id='word_1_102' title='bbox 649 1907 789 1997; x_wconf 84' lang='lat' dir='ltr'><strong>Paulus</strong></span> <span class='ocrx_word' id='word_1_103' title='bbox 814 1912 1005 2017; x_wconf 76' lang='lat' dir='ltr'><strong>opiscmnn</strong></span> <span class='ocrx_word' id='word_1_104' title='bbox 1031 1911 1295 1996; x_wconf 87' lang='lat' dir='ltr'><strong>Pomauionsis</strong></span> <span class='ocrx_word' id='word_1_105' title='bbox 1321 1915 1461 1998; x_wconf 75' lang='lat'>1230</span> <span class='ocrx_word' id='word_1_106' title='bbox 1487 1911 1573 1996; x_wconf 77' lang='lat' dir='ltr'><strong>lan.</strong></span> <span class='ocrx_word' id='word_1_107' title='bbox 1598 1914 1683 2008; x_wconf 83' lang='lat'><strong>29,</strong></span> <span class='ocrx_word' id='word_1_108' title='bbox 1708 1933 1739 1994; x_wconf 91' lang='lat' dir='ltr'><strong>s.</strong></span> <span class='ocrx_word' id='word_1_109' title='bbox 1764 1909 1811 2013; x_wconf 64' lang='grc' dir='ltr'><strong>ις</strong></span> <span class='ocrx_word' id='word_1_110' title='bbox 1837 1925 1968 2015; x_wconf 59' lang='lat' dir='ltr'><strong>contem</strong></span> <span class='ocrx_word' id='word_1_111' title='bbox 1988 1945 2097 1996; x_wconf 81' lang='lat' dir='ltr'><strong>mom-</strong></span> 
     </span>
     <span class='ocr_line' id='line_1_13' title="bbox 544 2028 1908 2120; baseline 0 -20"><span class='ocrx_word' id='word_1_112' title='bbox 544 2031 641 2100; x_wconf 86' lang='lat' dir='ltr'><strong>sterio</strong></span> <span class='ocrx_word' id='word_1_113' title='bbox 662 2050 761 2102; x_wconf 79' lang='lat' dir='ltr'><strong>norae</strong></span> <span class='ocrx_word' id='word_1_114' title='bbox 780 2031 984 2116; x_wconf 79' lang='lat' dir='ltr'><strong>fundationis,</strong></span> <span class='ocrx_word' id='word_1_115' title='bbox 1005 2033 1092 2101; x_wconf 88' lang='lat' dir='ltr'><strong>dicto</strong></span> <span class='ocrx_word' id='word_1_116' title='bbox 1112 2033 1266 2120; x_wconf 64' lang='lat' dir='ltr'><strong>Paradye</strong></span> <span class='ocrx_word' id='word_1_117' title='bbox 1288 2053 1412 2102; x_wconf 91' lang='lat' dir='ltr'><strong>omnem</strong></span> <span class='ocrx_word' id='word_1_118' title='bbox 1433 2033 1587 2102; x_wconf 76' lang='lat' dir='ltr'><strong>decimam</strong></span> <span class='ocrx_word' id='word_1_119' title='bbox 1606 2032 1701 2100; x_wconf 82' lang='lat' dir='ltr'><strong>vince</strong></span> <span class='ocrx_word' id='word_1_120' title='bbox 1722 2028 1908 2100; x_wconf 83' lang='lat' dir='ltr'><strong>Goeteoora</strong></span> 
     </span>
    </p>

    <p class='ocr_par' dir='ltr' id='par_1_6' title="bbox 544 2136 2098 2327">
     <span class='ocr_line' id='line_1_14' title="bbox 650 2136 2098 2224; baseline -0.003 -22"><span class='ocrx_word' id='word_1_121' title='bbox 650 2139 790 2217; x_wconf 71' lang='lat' dir='ltr'><strong>Perper.</strong></span> <span class='ocrx_word' id='word_1_122' title='bbox 817 2142 934 2217; x_wconf 76' lang='lat' dir='ltr'><strong>orppin.</strong></span> <span class='ocrx_word' id='word_1_123' title='bbox 963 2158 991 2200; x_wconf 75' lang='lat' dir='ltr'><strong>n</strong></span> <span class='ocrx_word' id='word_1_124' title='bbox 1015 2136 1119 2202; x_wconf 71' lang='lat' dir='ltr'><strong>dodel</strong></span> <span class='ocrx_word' id='word_1_125' title='bbox 1151 2141 1383 2219; x_wconf 64' lang='lat' dir='ltr'><strong>memplurzucl</strong></span> <span class='ocrx_word' id='word_1_126' title='bbox 1412 2137 1720 2224; x_wconf 63' lang='lat' dir='ltr'><strong>rdunmnndqepcm</strong></span> <span class='ocrx_word' id='word_1_127' title='bbox 1751 2138 1877 2219; x_wconf 64' lang='lat' dir='ltr'><strong>meledo</strong></span> <span class='ocrx_word' id='word_1_128' title='bbox 1904 2151 2098 2214; x_wconf 79' lang='lat' dir='ltr'><strong>poprzeeznc</strong></span> 
     </span>
     <span class='ocr_line' id='line_1_15' title="bbox 544 2239 2097 2327; baseline -0.003 -23"><span class='ocrx_word' id='word_1_129' title='bbox 544 2257 567 2303; x_wconf 75' lang='lat' dir='ltr'><strong>a</strong></span> <span class='ocrx_word' id='word_1_130' title='bbox 588 2240 644 2304; x_wconf 79' lang='lat' dir='ltr'><strong>ola</strong></span> <span class='ocrx_word' id='word_1_131' title='bbox 664 2241 706 2304; x_wconf 87' lang='lat' dir='ltr'><strong>od</strong></span> <span class='ocrx_word' id='word_1_132' title='bbox 719 2244 958 2321; x_wconf 61' lang='lat' dir='ltr'><strong>maronia</strong></span> <span class='ocrx_word' id='word_1_133' title='bbox 979 2239 1084 2306; x_wconf 71' lang='lat' dir='ltr'><strong>deden</strong></span> <span class='ocrx_word' id='word_1_134' title='bbox 1104 2246 1238 2327; x_wconf 68' lang='lat' dir='ltr'><strong>pieczqci</strong></span> <span class='ocrx_word' id='word_1_135' title='bbox 1257 2240 1344 2307; x_wconf 75' lang='lat' dir='ltr'><strong>ktdre</strong></span> <span class='ocrx_word' id='word_1_136' title='bbox 1365 2243 1472 2306; x_wconf 77' lang='lat' dir='ltr'><strong>ocotrm</strong></span> <span class='ocrx_word' id='word_1_137' title='bbox 1492 2244 1690 2315; x_wconf 65' lang='lat' dir='ltr'><strong>accionem</strong></span> <span class='ocrx_word' id='word_1_138' title='bbox 1709 2243 1860 2319; x_wconf 72' lang='lat' dir='ltr'><strong>primu</strong></span> <span class='ocrx_word' id='word_1_139' title='bbox 1879 2240 2097 2317; x_wconf 73' lang='lat' dir='ltr'><strong>podlupoucto</strong></span> 
     </span>
    </p>
   </div>
   <div class='ocr_carea' id='block_1_6' title="bbox 546 2329 2227 2432">
    <p class='ocr_par' dir='ltr' id='par_1_7' title="bbox 546 2329 2227 2432">
     <span class='ocr_line' id='line_1_16' title="bbox 546 2329 2227 2432; baseline -0.002 -25"><span class='ocrx_word' id='word_1_140' title='bbox 546 2341 705 2421; x_wconf 68' lang='lat' dir='ltr'><strong>upobruiu</strong></span> <span class='ocrx_word' id='word_1_141' title='bbox 724 2344 851 2422; x_wconf 70' lang='lat' dir='ltr'><strong>cumpo</strong></span> <span class='ocrx_word' id='word_1_142' title='bbox 867 2330 1044 2424; x_wconf 66' lang='lat' dir='ltr'><strong>z&#39;prum&#39;cc</strong></span> <span class='ocrx_word' id='word_1_143' title='bbox 1061 2347 1262 2432; x_wconf 74' lang='lat' dir='ltr'><strong>podrticrinnc</strong></span> <span class='ocrx_word' id='word_1_144' title='bbox 1284 2347 1324 2409; x_wconf 82' lang='lat' dir='ltr'><strong>do</strong></span> <span class='ocrx_word' id='word_1_145' title='bbox 1338 2346 1588 2425; x_wconf 57' lang='lat' dir='ltr'><strong>&amp;coenonema</strong></span> <span class='ocrx_word' id='word_1_146' title='bbox 1606 2346 1825 2422; x_wconf 76' lang='lat' dir='ltr'><strong>zpcsloroterr</strong></span> <span class='ocrx_word' id='word_1_147' title='bbox 1838 2360 1866 2402; x_wconf 74' lang='lat' dir='ltr'><strong>n</strong></span> <span class='ocrx_word' id='word_1_148' title='bbox 1879 2339 1972 2421; x_wconf 59' lang='lat' dir='ltr'><strong>teudo}</strong></span> <span class='ocrx_word' id='word_1_149' title='bbox 1991 2343 2098 2419; x_wconf 55' lang='lat' dir='ltr'><strong>nuptu:</strong></span> <span class='ocrx_word' id='word_1_150' title='bbox 2225 2329 2227 2332; x_wconf 63' lang='grc'><strong>’</strong></span> 
     </span>
    </p>
   </div>
   <div class='ocr_carea' id='block_1_7' title="bbox 542 2440 2119 2820">
    <p class='ocr_par' dir='ltr' id='par_1_8' title="bbox 542 2440 2119 2820">
     <span class='ocr_line' id='line_1_17' title="bbox 543 2440 2098 2531; baseline 0.005 -20"><span class='ocrx_word' id='word_1_151' title='bbox 543 2440 704 2528; x_wconf 73' lang='lat' dir='ltr'><strong>†stgiu.</strong></span> <span class='ocrx_word' id='word_1_152' title='bbox 717 2493 747 2512; x_wconf 90' lang='lat'><strong>..</strong></span> <span class='ocrx_word' id='word_1_153' title='bbox 769 2444 957 2513; x_wconf 82' lang='lat' dir='ltr'><strong>Pouuauieu.</strong></span> <span class='ocrx_word' id='word_1_154' title='bbox 979 2446 1041 2531; x_wconf 91' lang='lat' dir='ltr'><strong>epi.</strong></span> <span class='ocrx_word' id='word_1_155' title='bbox 1063 2445 1095 2528; x_wconf 90' lang='lat'><strong>†.</strong></span> <span class='ocrx_word' id='word_1_156' title='bbox 1121 2449 1230 2528; x_wconf 73' lang='lat' dir='ltr'><strong>oram</strong></span> <span class='ocrx_word' id='word_1_157' title='bbox 1250 2451 1401 2529; x_wconf 64' lang='grc' dir='ltr'><strong>Καρίων</strong></span> <span class='ocrx_word' id='word_1_158' title='bbox 1422 2444 1636 2526; x_wconf 65' lang='grc' dir='ltr'><strong>ΡοιπαὴεΙιίένὶ</strong></span> <span class='ocrx_word' id='word_1_159' title='bbox 1666 2457 1812 2528; x_wconf 67' lang='lat' dir='ltr'><strong>tuieezee</strong></span> <span class='ocrx_word' id='word_1_160' title='bbox 1835 2454 1926 2522; x_wconf 82' lang='lat' dir='ltr'><strong>VIII-l</strong></span> <span class='ocrx_word' id='word_1_161' title='bbox 1958 2465 1981 2508; x_wconf 67' lang='lat' dir='ltr'><strong><em>v</em></strong></span> <span class='ocrx_word' id='word_1_162' title='bbox 2002 2449 2039 2509; x_wconf 75' lang='lat' dir='ltr'><strong>A·</strong></span> <span class='ocrx_word' id='word_1_163' title='bbox 2060 2444 2098 2519; x_wconf 78' lang='grc'><strong>3.·</strong></span> 
     </span>
     <span class='ocr_line' id='line_1_18' title="bbox 542 2547 1505 2637; baseline 0.005 -26"><span class='ocrx_word' id='word_1_164' title='bbox 542 2565 565 2611; x_wconf 77' lang='grc' dir='ltr'><strong>ιι</strong></span> <span class='ocrx_word' id='word_1_165' title='bbox 586 2552 623 2612; x_wconf 60' lang='lat' dir='ltr'><strong>A„</strong></span> <span class='ocrx_word' id='word_1_166' title='bbox 644 2548 676 2614; x_wconf 80' lang='lat' dir='ltr'><strong>t.</strong></span> <span class='ocrx_word' id='word_1_167' title='bbox 698 2552 839 2629; x_wconf 72' lang='lat' dir='ltr'><strong>mpelale</strong></span> <span class='ocrx_word' id='word_1_168' title='bbox 860 2555 912 2614; x_wconf 72' lang='lat' dir='ltr'><strong>toi</strong></span> <span class='ocrx_word' id='word_1_169' title='bbox 934 2567 1033 2631; x_wconf 58' lang='lat' dir='ltr'><strong>mcc</strong></span> <span class='ocrx_word' id='word_1_170' title='bbox 1050 2554 1115 2615; x_wconf 76' lang='lat' dir='ltr'><strong>lect</strong></span> <span class='ocrx_word' id='word_1_171' title='bbox 1136 2568 1154 2615; x_wconf 91' lang='lat' dir='ltr'><strong>o</strong></span> <span class='ocrx_word' id='word_1_172' title='bbox 1179 2547 1218 2636; x_wconf 70' lang='lat' dir='ltr'><strong>¹l4</strong></span> <span class='ocrx_word' id='word_1_173' title='bbox 1241 2550 1330 2637; x_wconf 60' lang='grc' dir='ltr'><strong>σιμά</strong></span> <span class='ocrx_word' id='word_1_174' title='bbox 1348 2553 1505 2629; x_wconf 60' lang='lat' dir='ltr'><strong>mamete</strong></span> 
     </span>
     <span class='ocr_line' id='line_1_19' title="bbox 546 2648 2119 2820; baseline 0 -103"><span class='ocrx_word' id='word_1_175' title='bbox 546 2648 783 2820; x_wconf 50' lang='lat' dir='ltr'><strong>&#39;md’ffl</strong></span> <span class='ocrx_word' id='word_1_176' title='bbox 801 2653 899 2818; x_wconf 68' lang='lat' dir='ltr'><strong>5Bt&#39;bl.</strong></span> <span class='ocrx_word' id='word_1_177' title='bbox 929 2652 1098 2734; x_wconf 64' lang='lat' dir='ltr'><strong>mpura</strong></span> <span class='ocrx_word' id='word_1_178' title='bbox 1147 2656 1329 2736; x_wconf 62' lang='lat' dir='ltr'><strong>vincano,</strong></span> <span class='ocrx_word' id='word_1_179' title='bbox 1358 2657 1394 2718; x_wconf 79' lang='lat' dir='ltr'><strong>A.</strong></span> <span class='ocrx_word' id='word_1_180' title='bbox 1420 2655 1440 2717; x_wconf 81' lang='lat'><em>1</em></span> <span class='ocrx_word' id='word_1_181' title='bbox 1464 2657 1477 2718; x_wconf 80' lang='grc' dir='ltr'><strong>ι’</strong></span> <span class='ocrx_word' id='word_1_182' title='bbox 1497 2658 1532 2718; x_wconf 65' lang='lat' dir='ltr'><em>A</em></span> <span class='ocrx_word' id='word_1_183' title='bbox 1558 2655 1591 2720; x_wconf 80' lang='lat'><strong>3.</strong></span> <span class='ocrx_word' id='word_1_184' title='bbox 1634 2651 1816 2736; x_wconf 64' lang='lat' dir='ltr'><strong>&amp;apum</strong></span> <span class='ocrx_word' id='word_1_185' title='bbox 1865 2653 1936 2719; x_wconf 73' lang='lat' dir='ltr'><strong>cod.</strong></span> <span class='ocrx_word' id='word_1_186' title='bbox 1972 2652 2119 2732; x_wconf 57' lang='lat' dir='ltr'><strong>oiploa„</strong></span> 
     </span>
    </p>
   </div>
   <div class='ocr_carea' id='block_1_8' title="bbox 545 2955 2098 3150">
    <p class='ocr_par' dir='ltr' id='par_1_9' title="bbox 545 2955 2098 3150">
     <span class='ocr_line' id='line_1_20' title="bbox 647 2955 2098 3046; baseline -0.001 -20"><span class='ocrx_word' id='word_1_187' title='bbox 647 2955 686 3025; x_wconf 88' lang='lat' dir='ltr'><strong>Iu</strong></span> <span class='ocrx_word' id='word_1_188' title='bbox 706 2957 832 3027; x_wconf 86' lang='lat' dir='ltr'><strong>nomine</strong></span> <span class='ocrx_word' id='word_1_189' title='bbox 851 2962 962 3027; x_wconf 83' lang='lat' dir='ltr'><strong>cuncte</strong></span> <span class='ocrx_word' id='word_1_190' title='bbox 983 2963 1017 3026; x_wconf 88' lang='lat' dir='ltr'><strong>et</strong></span> <span class='ocrx_word' id='word_1_191' title='bbox 1040 2957 1201 3028; x_wconf 78' lang='lat' dir='ltr'><strong>individue</strong></span> <span class='ocrx_word' id='word_1_192' title='bbox 1221 2959 1397 3028; x_wconf 80' lang='lat' dir='ltr'><strong>Trinitatis</strong></span> <span class='ocrx_word' id='word_1_193' title='bbox 1440 2959 1559 3028; x_wconf 80' lang='lat' dir='ltr'><strong>Psulus</strong></span> <span class='ocrx_word' id='word_1_194' title='bbox 1581 2960 1642 3028; x_wconf 90' lang='lat' dir='ltr'><strong>Dei</strong></span> <span class='ocrx_word' id='word_1_195' title='bbox 1660 2959 1768 3046; x_wconf 77' lang='lat' dir='ltr'><strong>gracie</strong></span> <span class='ocrx_word' id='word_1_196' title='bbox 1787 2959 2011 3044; x_wconf 77' lang='lat' dir='ltr'><strong>Posusuiensis</strong></span> <span class='ocrx_word' id='word_1_197' title='bbox 2032 2958 2098 3044; x_wconf 93' lang='lat' dir='ltr'><strong>epi·</strong></span> 
     </span>
     <span class='ocr_line' id='line_1_21' title="bbox 545 3059 2097 3150; baseline 0.002 -23"><span class='ocrx_word' id='word_1_198' title='bbox 545 3075 669 3146; x_wconf 84' lang='lat' dir='ltr'><strong>scopus,</strong></span> <span class='ocrx_word' id='word_1_199' title='bbox 691 3059 835 3129; x_wconf 90' lang='lat' dir='ltr'><strong>omuibus</strong></span> <span class='ocrx_word' id='word_1_200' title='bbox 848 3060 909 3130; x_wconf 90' lang='lat' dir='ltr'><strong>hoc</strong></span> <span class='ocrx_word' id='word_1_201' title='bbox 921 3079 1050 3147; x_wconf 79' lang='lat' dir='ltr'><strong>precem</strong></span> <span class='ocrx_word' id='word_1_202' title='bbox 1071 3059 1225 3149; x_wconf 84' lang='lat' dir='ltr'><strong>scriptum</strong></span> <span class='ocrx_word' id='word_1_203' title='bbox 1239 3064 1428 3148; x_wconf 85' lang='lat' dir='ltr'><strong>inspecturis</strong></span> <span class='ocrx_word' id='word_1_204' title='bbox 1442 3064 1578 3132; x_wconf 86' lang='lat' dir='ltr'><strong>salutem</strong></span> <span class='ocrx_word' id='word_1_205' title='bbox 1593 3071 1780 3150; x_wconf 82' lang='lat' dir='ltr'><strong>perpetuum</strong></span> <span class='ocrx_word' id='word_1_206' title='bbox 1793 3063 1828 3130; x_wconf 92' lang='lat' dir='ltr'><strong>iu</strong></span> <span class='ocrx_word' id='word_1_207' title='bbox 1839 3063 1987 3142; x_wconf 64' lang='lat' dir='ltr'><strong>Donum</strong></span> <span class='ocrx_word' id='word_1_208' title='bbox 2016 3062 2097 3131; x_wconf 80' lang='lat' dir='ltr'><strong>(lum</strong></span> 
     </span>
    </p>
   </div>
   <div class='ocr_carea' id='block_1_9' title="bbox 544 3162 2215 3265">
    <p class='ocr_par' dir='ltr' id='par_1_10' title="bbox 544 3162 2215 3265">
     <span class='ocr_line' id='line_1_22' title="bbox 544 3162 2215 3265; baseline 0.006 -35"><span class='ocrx_word' id='word_1_209' title='bbox 544 3162 732 3248; x_wconf 83' lang='lat' dir='ltr'><strong>episcopalis</strong></span> <span class='ocrx_word' id='word_1_210' title='bbox 752 3164 879 3232; x_wconf 87' lang='lat' dir='ltr'><strong>intersit</strong></span> <span class='ocrx_word' id='word_1_211' title='bbox 900 3163 1005 3265; x_wconf 78' lang='lat' dir='ltr'><strong>officii,</strong></span> <span class='ocrx_word' id='word_1_212' title='bbox 1028 3163 1069 3232; x_wconf 85' lang='lat' dir='ltr'><strong>ud</strong></span> <span class='ocrx_word' id='word_1_213' title='bbox 1090 3163 1322 3234; x_wconf 72' lang='lat' dir='ltr'><strong>edificacionem</strong></span> <span class='ocrx_word' id='word_1_214' title='bbox 1344 3164 1493 3251; x_wconf 84' lang='lat' dir='ltr'><strong>corporis</strong></span> <span class='ocrx_word' id='word_1_215' title='bbox 1515 3165 1646 3249; x_wconf 62' lang='lat' dir='ltr'><strong>christi,</strong></span> <span class='ocrx_word' id='word_1_216' title='bbox 1672 3167 1705 3233; x_wconf 91' lang='lat' dir='ltr'><strong>id</strong></span> <span class='ocrx_word' id='word_1_217' title='bbox 1724 3173 1774 3235; x_wconf 79' lang='lat' dir='ltr'><strong>cst</strong></span> <span class='ocrx_word' id='word_1_218' title='bbox 1791 3166 1942 3249; x_wconf 70' lang='lat' dir='ltr'><strong>Ecclesia</strong></span> <span class='ocrx_word' id='word_1_219' title='bbox 1963 3165 2110 3238; x_wconf 80' lang='lat' dir='ltr'><strong>solerter¹</strong></span> <span class='ocrx_word' id='word_1_220' title='bbox 2161 3165 2173 3205; x_wconf 70' lang='lat'>³</span> <span class='ocrx_word' id='word_1_221' title='bbox 2204 3178 2215 3240; x_wconf 86' lang='grc'><strong>’.</strong></span> 
     </span>
    </p>
   </div>
   <div class='ocr_carea' id='block_1_10' title="bbox 541 3264 2100 3456">
    <p class='ocr_par' dir='ltr' id='par_1_11' title="bbox 541 3264 2100 3456">
     <span class='ocr_line' id='line_1_23' title="bbox 542 3264 2100 3365; baseline 0.002 -33"><span class='ocrx_word' id='word_1_222' title='bbox 542 3264 708 3334; x_wconf 86' lang='lat' dir='ltr'><strong>intendere</strong></span> <span class='ocrx_word' id='word_1_223' title='bbox 726 3270 760 3334; x_wconf 91' lang='lat' dir='ltr'><strong>et</strong></span> <span class='ocrx_word' id='word_1_224' title='bbox 778 3266 922 3336; x_wconf 88' lang='lat' dir='ltr'><strong>decorem</strong></span> <span class='ocrx_word' id='word_1_225' title='bbox 948 3267 1061 3335; x_wconf 90' lang='lat' dir='ltr'><strong>domus</strong></span> <span class='ocrx_word' id='word_1_226' title='bbox 1086 3267 1226 3350; x_wconf 86' lang='lat' dir='ltr'><strong>Domini,</strong></span> <span class='ocrx_word' id='word_1_227' title='bbox 1258 3274 1296 3334; x_wconf 87' lang='lat' dir='ltr'><strong>ut</strong></span> <span class='ocrx_word' id='word_1_228' title='bbox 1320 3268 1477 3337; x_wconf 70' lang='lat' dir='ltr'><strong>rademte</strong></span> <span class='ocrx_word' id='word_1_229' title='bbox 1504 3269 1657 3337; x_wconf 86' lang='lat' dir='ltr'><strong>distincta</strong></span> <span class='ocrx_word' id='word_1_230' title='bbox 1682 3267 1846 3353; x_wconf 68' lang='lat' dir='ltr'><strong>refugat,</strong></span> <span class='ocrx_word' id='word_1_231' title='bbox 1880 3266 2100 3365; x_wconf 85' lang='lat' dir='ltr'><strong>multipliciter</strong></span> 
     </span>
     <span class='ocr_line' id='line_1_24' title="bbox 541 3367 2099 3456; baseline 0 -19"><span class='ocrx_word' id='word_1_232' title='bbox 541 3367 705 3455; x_wconf 70' lang='lat' dir='ltr'><strong>empliare,</strong></span> <span class='ocrx_word' id='word_1_233' title='bbox 727 3388 790 3438; x_wconf 92' lang='lat' dir='ltr'><strong>uon</strong></span> <span class='ocrx_word' id='word_1_234' title='bbox 811 3370 977 3439; x_wconf 89' lang='lat' dir='ltr'><strong>mediocris</strong></span> <span class='ocrx_word' id='word_1_235' title='bbox 998 3377 1049 3439; x_wconf 87' lang='lat' dir='ltr'><strong>est</strong></span> <span class='ocrx_word' id='word_1_236' title='bbox 1067 3370 1197 3439; x_wconf 83' lang='lat' dir='ltr'><strong>honoris</strong></span> <span class='ocrx_word' id='word_1_237' title='bbox 1219 3376 1252 3438; x_wconf 90' lang='lat' dir='ltr'><strong>et</strong></span> <span class='ocrx_word' id='word_1_238' title='bbox 1271 3371 1387 3456; x_wconf 77' lang='lat' dir='ltr'><strong>gracie,</strong></span> <span class='ocrx_word' id='word_1_239' title='bbox 1409 3371 1505 3439; x_wconf 88' lang='lat' dir='ltr'><strong>idad</strong></span> <span class='ocrx_word' id='word_1_240' title='bbox 1526 3371 1676 3439; x_wconf 84' lang='lat' dir='ltr'><strong>honorem</strong></span> <span class='ocrx_word' id='word_1_241' title='bbox 1698 3370 1799 3456; x_wconf 89' lang='lat' dir='ltr'><strong>ipsius</strong></span> <span class='ocrx_word' id='word_1_242' title='bbox 1813 3372 1865 3440; x_wconf 92' lang='lat' dir='ltr'><strong>cui</strong></span> <span class='ocrx_word' id='word_1_243' title='bbox 1879 3371 2099 3439; x_wconf 68' lang='lat' dir='ltr'><strong>ministrantes</strong></span> 
     </span>
    </p>
   </div>
   <div class='ocr_carea' id='block_1_11' title="bbox 388 3470 2098 3559">
    <p class='ocr_par' dir='ltr' id='par_1_12' title="bbox 388 3470 2098 3559">
     <span class='ocr_line' id='line_1_25' title="bbox 388 3470 2098 3559; baseline 0.002 -22"><span class='ocrx_word' id='word_1_244' title='bbox 388 3493 395 3501; x_wconf 92' lang='lat'><strong>·</strong></span> <span class='ocrx_word' id='word_1_245' title='bbox 541 3474 634 3557; x_wconf 86' lang='lat' dir='ltr'><strong>pater</strong></span> <span class='ocrx_word' id='word_1_246' title='bbox 654 3470 840 3541; x_wconf 86' lang='lat' dir='ltr'><strong>honorificat</strong></span> <span class='ocrx_word' id='word_1_247' title='bbox 860 3471 986 3542; x_wconf 82' lang='lat' dir='ltr'><strong>effectui</strong></span> <span class='ocrx_word' id='word_1_248' title='bbox 1007 3479 1136 3542; x_wconf 88' lang='lat' dir='ltr'><strong>strenue</strong></span> <span class='ocrx_word' id='word_1_249' title='bbox 1157 3474 1348 3558; x_wconf 77' lang='lat' dir='ltr'><strong>mancipare.</strong></span> <span class='ocrx_word' id='word_1_250' title='bbox 1392 3472 1475 3542; x_wconf 81' lang='lat' dir='ltr'><strong>Seue</strong></span> <span class='ocrx_word' id='word_1_251' title='bbox 1495 3473 1556 3541; x_wconf 84' lang='lat' dir='ltr'><strong>hoo</strong></span> <span class='ocrx_word' id='word_1_252' title='bbox 1576 3475 1684 3559; x_wconf 75' lang='lat' dir='ltr'><strong>egitur</strong></span> <span class='ocrx_word' id='word_1_253' title='bbox 1705 3492 1777 3542; x_wconf 87' lang='lat' dir='ltr'><strong>cum</strong></span> <span class='ocrx_word' id='word_1_254' title='bbox 1799 3473 1966 3558; x_wconf 79' lang='lat' dir='ltr'><strong>plantatur</strong></span> <span class='ocrx_word' id='word_1_255' title='bbox 1977 3473 2098 3556; x_wconf 78' lang='lat' dir='ltr'><strong>religio,</strong></span> 
     </span>
    </p>
   </div>
   <div class='ocr_carea' id='block_1_12' title="bbox 477 3570 2100 4587">
    <p class='ocr_par' dir='ltr' id='par_1_13' title="bbox 477 3570 2100 4587">
     <span class='ocr_line' id='line_1_26' title="bbox 540 3570 2097 3661; baseline 0 -19"><span class='ocrx_word' id='word_1_256' title='bbox 540 3571 613 3642; x_wconf 86' lang='lat' dir='ltr'><strong>locu</strong></span> <span class='ocrx_word' id='word_1_257' title='bbox 633 3573 798 3660; x_wconf 65' lang='lat' dir='ltr'><strong>collegato</strong></span> <span class='ocrx_word' id='word_1_258' title='bbox 818 3573 1001 3658; x_wconf 85' lang='lat' dir='ltr'><strong>fundantur,</strong></span> <span class='ocrx_word' id='word_1_259' title='bbox 1023 3577 1057 3644; x_wconf 90' lang='lat' dir='ltr'><strong>iu</strong></span> <span class='ocrx_word' id='word_1_260' title='bbox 1078 3576 1194 3661; x_wconf 86' lang='lat' dir='ltr'><strong>quibus</strong></span> <span class='ocrx_word' id='word_1_261' title='bbox 1215 3575 1370 3644; x_wconf 84' lang='lat' dir='ltr'><strong>indefesse</strong></span> <span class='ocrx_word' id='word_1_262' title='bbox 1390 3575 1502 3644; x_wconf 82' lang='lat' dir='ltr'><strong>reboet</strong></span> <span class='ocrx_word' id='word_1_263' title='bbox 1526 3576 1704 3660; x_wconf 79' lang='lat' dir='ltr'><strong>graciarum</strong></span> <span class='ocrx_word' id='word_1_264' title='bbox 1725 3570 1818 3645; x_wconf 62' lang='lat' dir='ltr'><strong>&#39;cocio</strong></span> <span class='ocrx_word' id='word_1_265' title='bbox 1839 3582 1874 3644; x_wconf 91' lang='lat' dir='ltr'><strong>et</strong></span> <span class='ocrx_word' id='word_1_266' title='bbox 1897 3595 1960 3644; x_wconf 82' lang='lat' dir='ltr'><strong>vox</strong></span> <span class='ocrx_word' id='word_1_267' title='bbox 1985 3575 2097 3643; x_wconf 84' lang='lat' dir='ltr'><strong>laudis.</strong></span> 
     </span>
     <span class='ocr_line' id='line_1_27' title="bbox 540 3673 2098 3765; baseline 0.001 -21"><span class='ocrx_word' id='word_1_268' title='bbox 540 3673 610 3744; x_wconf 84' lang='lat' dir='ltr'><strong>Hec</strong></span> <span class='ocrx_word' id='word_1_269' title='bbox 625 3681 682 3748; x_wconf 85' lang='lat' dir='ltr'><strong>¹est</strong></span> <span class='ocrx_word' id='word_1_270' title='bbox 703 3677 786 3746; x_wconf 91' lang='lat' dir='ltr'><strong>euim</strong></span> <span class='ocrx_word' id='word_1_271' title='bbox 806 3678 881 3747; x_wconf 82' lang='lat' dir='ltr'><strong>ritis</strong></span> <span class='ocrx_word' id='word_1_272' title='bbox 901 3678 1074 3763; x_wconf 76' lang='lat' dir='ltr'><strong>fructifera,</strong></span> <span class='ocrx_word' id='word_1_273' title='bbox 1097 3679 1192 3748; x_wconf 81' lang='lat' dir='ltr'><strong>vinea</strong></span> <span class='ocrx_word' id='word_1_274' title='bbox 1212 3678 1338 3748; x_wconf 88' lang='lat' dir='ltr'><strong>Domini</strong></span> <span class='ocrx_word' id='word_1_275' title='bbox 1358 3677 1509 3760; x_wconf 69' lang='lat' dir='ltr'><strong>Sabaoth,</strong></span> <span class='ocrx_word' id='word_1_276' title='bbox 1532 3679 1621 3747; x_wconf 87' lang='lat' dir='ltr'><strong>cuius</strong></span> <span class='ocrx_word' id='word_1_277' title='bbox 1636 3679 1784 3764; x_wconf 80' lang='lat' dir='ltr'><strong>palmites</strong></span> <span class='ocrx_word' id='word_1_278' title='bbox 1799 3679 1890 3765; x_wconf 80' lang='lat' dir='ltr'><strong>longe</strong></span> <span class='ocrx_word' id='word_1_279' title='bbox 1903 3678 2031 3762; x_wconf 76' lang='lat' dir='ltr'><strong>neque</strong></span> <span class='ocrx_word' id='word_1_280' title='bbox 2044 3677 2098 3745; x_wconf 90' lang='lat' dir='ltr'><strong>de·</strong></span> 
     </span>
     <span class='ocr_line' id='line_1_28' title="bbox 477 3776 2099 3867; baseline 0.002 -22"><span class='ocrx_word' id='word_1_281' title='bbox 477 3805 478 3808; x_wconf 37' lang='lat'>¹</span> <span class='ocrx_word' id='word_1_282' title='bbox 540 3776 657 3847; x_wconf 88' lang='lat' dir='ltr'><strong>ducere</strong></span> <span class='ocrx_word' id='word_1_283' title='bbox 677 3778 721 3848; x_wconf 93' lang='lat' dir='ltr'><strong>ad</strong></span> <span class='ocrx_word' id='word_1_284' title='bbox 741 3798 799 3848; x_wconf 88' lang='lat' dir='ltr'><strong>nos</strong></span> <span class='ocrx_word' id='word_1_285' title='bbox 820 3781 969 3865; x_wconf 76' lang='lat' dir='ltr'><strong>pertinet,</strong></span> <span class='ocrx_word' id='word_1_286' title='bbox 989 3787 1027 3849; x_wconf 88' lang='lat' dir='ltr'><strong>ut</strong></span> <span class='ocrx_word' id='word_1_287' title='bbox 1048 3781 1089 3849; x_wconf 90' lang='lat' dir='ltr'><strong>ad</strong></span> <span class='ocrx_word' id='word_1_288' title='bbox 1108 3800 1230 3849; x_wconf 82' lang='lat' dir='ltr'><strong>venena</strong></span> <span class='ocrx_word' id='word_1_289' title='bbox 1249 3780 1415 3849; x_wconf 80' lang='lat' dir='ltr'><strong>mortifera</strong></span> <span class='ocrx_word' id='word_1_290' title='bbox 1435 3781 1679 3867; x_wconf 80' lang='lat' dir='ltr'><strong>circumquaque</strong></span> <span class='ocrx_word' id='word_1_291' title='bbox 1693 3781 1839 3867; x_wconf 85' lang='lat' dir='ltr'><strong>pelleudc</strong></span> <span class='ocrx_word' id='word_1_292' title='bbox 1851 3781 1945 3850; x_wconf 68' lang='lat' dir='ltr'><strong>dorm</strong></span> <span class='ocrx_word' id='word_1_293' title='bbox 1959 3779 2099 3867; x_wconf 80' lang='lat' dir='ltr'><strong>proferat</strong></span> 
     </span>
     <span class='ocr_line' id='line_1_29' title="bbox 541 3879 2099 3971; baseline 0.002 -22"><span class='ocrx_word' id='word_1_294' title='bbox 541 3886 576 3949; x_wconf 88' lang='lat' dir='ltr'><strong>et</strong></span> <span class='ocrx_word' id='word_1_295' title='bbox 597 3879 718 3965; x_wconf 77' lang='lat' dir='ltr'><strong>odores,</strong></span> <span class='ocrx_word' id='word_1_296' title='bbox 749 3900 845 3969; x_wconf 85' lang='lat' dir='ltr'><strong>quam</strong></span> <span class='ocrx_word' id='word_1_297' title='bbox 865 3901 929 3951; x_wconf 89' lang='lat' dir='ltr'><strong>nou</strong></span> <span class='ocrx_word' id='word_1_298' title='bbox 950 3884 1051 3952; x_wconf 88' lang='lat' dir='ltr'><strong>solum</strong></span> <span class='ocrx_word' id='word_1_299' title='bbox 1073 3884 1220 3969; x_wconf 86' lang='lat' dir='ltr'><strong>plantare</strong></span> <span class='ocrx_word' id='word_1_300' title='bbox 1242 3884 1297 3952; x_wconf 89' lang='lat' dir='ltr'><strong>sed</strong></span> <span class='ocrx_word' id='word_1_301' title='bbox 1318 3888 1352 3952; x_wconf 92' lang='lat' dir='ltr'><strong>et</strong></span> <span class='ocrx_word' id='word_1_302' title='bbox 1373 3885 1479 3968; x_wconf 79' lang='lat' dir='ltr'><strong>rigare</strong></span> <span class='ocrx_word' id='word_1_303' title='bbox 1500 3903 1558 3952; x_wconf 89' lang='lat' dir='ltr'><strong>uos</strong></span> <span class='ocrx_word' id='word_1_304' title='bbox 1579 3892 1716 3971; x_wconf 79' lang='lat' dir='ltr'><strong>oportet,</strong></span> <span class='ocrx_word' id='word_1_305' title='bbox 1747 3886 1825 3970; x_wconf 86' lang='lat' dir='ltr'><strong>quid</strong></span> <span class='ocrx_word' id='word_1_306' title='bbox 1846 3883 2099 3970; x_wconf 83' lang='lat' dir='ltr'><strong>siquidemtunc</strong></span> 
     </span>
     <span class='ocr_line' id='line_1_30' title="bbox 541 3982 2099 4074; baseline 0.001 -22"><span class='ocrx_word' id='word_1_307' title='bbox 541 3982 635 4070; x_wconf 75' lang='lat' dir='ltr'><strong>ulmo</strong></span> <span class='ocrx_word' id='word_1_308' title='bbox 656 3983 703 4068; x_wconf 83' lang='lat' dir='ltr'><strong>lit,</strong></span> <span class='ocrx_word' id='word_1_309' title='bbox 725 4001 796 4054; x_wconf 91' lang='lat' dir='ltr'><strong>cum</strong></span> <span class='ocrx_word' id='word_1_310' title='bbox 817 4004 880 4055; x_wconf 89' lang='lat' dir='ltr'><strong>uon</strong></span> <span class='ocrx_word' id='word_1_311' title='bbox 903 3992 1029 4055; x_wconf 83' lang='lat' dir='ltr'><strong>tautum</strong></span> <span class='ocrx_word' id='word_1_312' title='bbox 1051 3986 1271 4074; x_wconf 82' lang='lat' dir='ltr'><strong>spiritualibus</strong></span> <span class='ocrx_word' id='word_1_313' title='bbox 1291 4005 1400 4055; x_wconf 83' lang='lat' dir='ltr'><strong>verum</strong></span> <span class='ocrx_word' id='word_1_314' title='bbox 1422 3991 1457 4055; x_wconf 94' lang='lat' dir='ltr'><strong>et</strong></span> <span class='ocrx_word' id='word_1_315' title='bbox 1471 3987 1697 4073; x_wconf 73' lang='lat' dir='ltr'><strong>temporalibus</strong></span> <span class='ocrx_word' id='word_1_316' title='bbox 1710 3985 1880 4070; x_wconf 85' lang='lat' dir='ltr'><strong>beneficiis,</strong></span> <span class='ocrx_word' id='word_1_317' title='bbox 1902 3986 2099 4073; x_wconf 74' lang='lat' dir='ltr'><strong>sinequibus</strong></span> 
     </span>
     <span class='ocr_line' id='line_1_31' title="bbox 541 4087 2099 4176; baseline 0.001 -21"><span class='ocrx_word' id='word_1_318' title='bbox 541 4087 686 4156; x_wconf 67' lang='lat' dir='ltr'><strong>mendis</strong></span> <span class='ocrx_word' id='word_1_319' title='bbox 707 4087 766 4157; x_wconf 89' lang='lat' dir='ltr'><strong>hec</strong></span> <span class='ocrx_word' id='word_1_320' title='bbox 785 4089 853 4156; x_wconf 84' lang='lat' dir='ltr'><strong>vitu</strong></span> <span class='ocrx_word' id='word_1_321' title='bbox 874 4090 1006 4174; x_wconf 76' lang='lat' dir='ltr'><strong>transigi</strong></span> <span class='ocrx_word' id='word_1_322' title='bbox 1028 4108 1092 4159; x_wconf 86' lang='lat' dir='ltr'><strong>nou</strong></span> <span class='ocrx_word' id='word_1_323' title='bbox 1113 4094 1229 4176; x_wconf 74' lang='lat' dir='ltr'><strong>potest,</strong></span> <span class='ocrx_word' id='word_1_324' title='bbox 1249 4087 1443 4158; x_wconf 83' lang='lat' dir='ltr'><strong>sufficienter</strong></span> <span class='ocrx_word' id='word_1_325' title='bbox 1463 4089 1713 4157; x_wconf 76' lang='lat' dir='ltr'><strong>administratur.</strong></span> <span class='ocrx_word' id='word_1_326' title='bbox 1756 4088 1896 4172; x_wconf 86' lang='lat' dir='ltr'><strong>ideoque</strong></span> <span class='ocrx_word' id='word_1_327' title='bbox 1921 4095 2033 4157; x_wconf 86' lang='lat' dir='ltr'><strong>uotum</strong></span> <span class='ocrx_word' id='word_1_328' title='bbox 2051 4087 2099 4156; x_wconf 82' lang='lat' dir='ltr'><strong>ia·</strong></span> 
     </span>
     <span class='ocr_line' id='line_1_32' title="bbox 542 4189 2099 4277; baseline 0.001 -18"><span class='ocrx_word' id='word_1_329' title='bbox 542 4189 643 4259; x_wconf 87' lang='lat' dir='ltr'><strong>cimus</strong></span> <span class='ocrx_word' id='word_1_330' title='bbox 664 4190 808 4260; x_wconf 69' lang='lat' dir='ltr'><strong>mumius</strong></span> <span class='ocrx_word' id='word_1_331' title='bbox 830 4197 895 4259; x_wconf 89' lang='lat' dir='ltr'><strong>tam</strong></span> <span class='ocrx_word' id='word_1_332' title='bbox 914 4192 1114 4277; x_wconf 88' lang='lat' dir='ltr'><strong>presentibus</strong></span> <span class='ocrx_word' id='word_1_333' title='bbox 1136 4211 1232 4277; x_wconf 89' lang='lat' dir='ltr'><strong>quam</strong></span> <span class='ocrx_word' id='word_1_334' title='bbox 1254 4191 1371 4259; x_wconf 84' lang='lat' dir='ltr'><strong>futuris</strong></span> <span class='ocrx_word' id='word_1_335' title='bbox 1393 4189 1513 4259; x_wconf 86' lang='lat' dir='ltr'><strong>Christi</strong></span> <span class='ocrx_word' id='word_1_336' title='bbox 1541 4190 1686 4259; x_wconf 85' lang='lat' dir='ltr'><strong>fidelibus</strong></span> <span class='ocrx_word' id='word_1_337' title='bbox 1711 4190 1876 4274; x_wconf 81' lang='lat' dir='ltr'><strong>universis,</strong></span> <span class='ocrx_word' id='word_1_338' title='bbox 1905 4190 1991 4275; x_wconf 88' lang='lat' dir='ltr'><strong>quod</strong></span> <span class='ocrx_word' id='word_1_339' title='bbox 2018 4209 2099 4260; x_wconf 79' lang='lat' dir='ltr'><strong>uoce</strong></span> 
     </span>
     <span class='ocr_line' id='line_1_33' title="bbox 540 4288 2100 4379; baseline 0.002 -19"><span class='ocrx_word' id='word_1_340' title='bbox 540 4288 738 4362; x_wconf 79' lang='lat' dir='ltr'><strong>tundmionis</strong></span> <span class='ocrx_word' id='word_1_341' title='bbox 756 4295 946 4362; x_wconf 87' lang='lat' dir='ltr'><strong>monasterio</strong></span> <span class='ocrx_word' id='word_1_342' title='bbox 969 4294 1189 4363; x_wconf 82' lang='lat' dir='ltr'><strong>Cisterciensis</strong></span> <span class='ocrx_word' id='word_1_343' title='bbox 1210 4294 1339 4362; x_wconf 90' lang='lat' dir='ltr'><strong>Ordinis</strong></span> <span class='ocrx_word' id='word_1_344' title='bbox 1360 4293 1584 4362; x_wconf 88' lang='lat' dir='ltr'><strong>Posnauieusis</strong></span> <span class='ocrx_word' id='word_1_345' title='bbox 1603 4295 1756 4379; x_wconf 74' lang='lat' dir='ltr'><strong>dyocesis,</strong></span> <span class='ocrx_word' id='word_1_346' title='bbox 1780 4293 1831 4360; x_wconf 90' lang='lat' dir='ltr'><strong>cui</strong></span> <span class='ocrx_word' id='word_1_347' title='bbox 1846 4312 1960 4361; x_wconf 88' lang='lat' dir='ltr'><strong>nomeu</strong></span> <span class='ocrx_word' id='word_1_348' title='bbox 1974 4301 2024 4362; x_wconf 84' lang='lat' dir='ltr'><strong>est</strong></span> <span class='ocrx_word' id='word_1_349' title='bbox 2038 4293 2100 4363; x_wconf 87' lang='lat' dir='ltr'><strong>Pa·</strong></span> 
     </span>
     <span class='ocr_line' id='line_1_34' title="bbox 542 4393 2100 4482; baseline 0.001 -18"><span class='ocrx_word' id='word_1_350' title='bbox 542 4393 679 4481; x_wconf 80' lang='lat' dir='ltr'><strong>radysus</strong></span> <span class='ocrx_word' id='word_1_351' title='bbox 698 4393 815 4465; x_wconf 85' lang='lat' dir='ltr'><strong>Sancte</strong></span> <span class='ocrx_word' id='word_1_352' title='bbox 835 4396 946 4479; x_wconf 78' lang='lat' dir='ltr'><strong>uene,</strong></span> <span class='ocrx_word' id='word_1_353' title='bbox 965 4397 1097 4466; x_wconf 80' lang='lat' dir='ltr'><strong>fundato</strong></span> <span class='ocrx_word' id='word_1_354' title='bbox 1118 4400 1153 4465; x_wconf 93' lang='lat' dir='ltr'><strong>iu</strong></span> <span class='ocrx_word' id='word_1_355' title='bbox 1170 4399 1240 4466; x_wconf 90' lang='lat' dir='ltr'><strong>loco</strong></span> <span class='ocrx_word' id='word_1_356' title='bbox 1262 4398 1317 4482; x_wconf 89' lang='lat' dir='ltr'><strong>qui</strong></span> <span class='ocrx_word' id='word_1_357' title='bbox 1339 4395 1456 4464; x_wconf 85' lang='lat' dir='ltr'><strong>dicitur</strong></span> <span class='ocrx_word' id='word_1_358' title='bbox 1477 4396 1654 4465; x_wconf 81' lang='lat' dir='ltr'><strong>Gostecove</strong></span> <span class='ocrx_word' id='word_1_359' title='bbox 1667 4396 1707 4464; x_wconf 91' lang='lat' dir='ltr'><strong>de</strong></span> <span class='ocrx_word' id='word_1_360' title='bbox 1722 4397 1886 4465; x_wconf 83' lang='lat' dir='ltr'><strong>voluntate</strong></span> <span class='ocrx_word' id='word_1_361' title='bbox 1906 4401 1941 4465; x_wconf 87' lang='lat' dir='ltr'><strong>et</strong></span> <span class='ocrx_word' id='word_1_362' title='bbox 1961 4399 2100 4466; x_wconf 86' lang='lat' dir='ltr'><strong>auctori·</strong></span> 
     </span>
     <span class='ocr_line' id='line_1_35' title="bbox 540 4497 2100 4587; baseline 0.001 -21"><span class='ocrx_word' id='word_1_363' title='bbox 540 4501 609 4567; x_wconf 82' lang='lat' dir='ltr'><strong>tate</strong></span> <span class='ocrx_word' id='word_1_364' title='bbox 630 4504 751 4581; x_wconf 84' lang='lat' dir='ltr'><strong>nostra,</strong></span> <span class='ocrx_word' id='word_1_365' title='bbox 771 4497 857 4566; x_wconf 87' lang='lat' dir='ltr'><strong>dicto</strong></span> <span class='ocrx_word' id='word_1_366' title='bbox 878 4499 1007 4583; x_wconf 87' lang='lat' dir='ltr'><strong>iuquam</strong></span> <span class='ocrx_word' id='word_1_367' title='bbox 1029 4502 1222 4569; x_wconf 85' lang='lat' dir='ltr'><strong>monasterio</strong></span> <span class='ocrx_word' id='word_1_368' title='bbox 1243 4517 1368 4567; x_wconf 90' lang='lat' dir='ltr'><strong>omnem</strong></span> <span class='ocrx_word' id='word_1_369' title='bbox 1392 4498 1547 4566; x_wconf 86' lang='lat' dir='ltr'><strong>decimum</strong></span> <span class='ocrx_word' id='word_1_370' title='bbox 1575 4500 1677 4566; x_wconf 87' lang='lat' dir='ltr'><strong>tocius</strong></span> <span class='ocrx_word' id='word_1_371' title='bbox 1699 4499 1773 4587; x_wconf 82' lang='lat' dir='ltr'><strong>ville</strong></span> <span class='ocrx_word' id='word_1_372' title='bbox 1794 4497 1969 4568; x_wconf 85' lang='lat' dir='ltr'><strong>Gostecore</strong></span> <span class='ocrx_word' id='word_1_373' title='bbox 1988 4518 2100 4568; x_wconf 72' lang='lat' dir='ltr'><strong>meun-</strong></span> 
     </span>
    </p>
   </div>
   <div class='ocr_carea' id='block_1_13' title="bbox 539 4597 2194 4687">
    <p class='ocr_par' dir='ltr' id='par_1_14' title="bbox 539 4597 2194 4687">
     <span class='ocr_line' id='line_1_36' title="bbox 539 4597 2194 4687; baseline 0.004 -21"><span class='ocrx_word' id='word_1_374' title='bbox 539 4597 616 4668; x_wconf 90' lang='lat' dir='ltr'><strong>dum</strong></span> <span class='ocrx_word' id='word_1_375' title='bbox 639 4601 790 4668; x_wconf 87' lang='lat' dir='ltr'><strong>terminos</strong></span> <span class='ocrx_word' id='word_1_376' title='bbox 810 4617 895 4683; x_wconf 85' lang='lat' dir='ltr'><strong>suos,</strong></span> <span class='ocrx_word' id='word_1_377' title='bbox 923 4601 962 4670; x_wconf 91' lang='lat' dir='ltr'><strong>de</strong></span> <span class='ocrx_word' id='word_1_378' title='bbox 992 4621 1145 4671; x_wconf 80' lang='lat' dir='ltr'><strong>commun</strong></span> <span class='ocrx_word' id='word_1_379' title='bbox 1176 4602 1317 4687; x_wconf 81' lang='lat' dir='ltr'><strong>Capituli</strong></span> <span class='ocrx_word' id='word_1_380' title='bbox 1337 4603 1439 4669; x_wconf 85' lang='lat' dir='ltr'><strong>nostri</strong></span> <span class='ocrx_word' id='word_1_381' title='bbox 1465 4601 1650 4668; x_wconf 81' lang='lat' dir='ltr'><strong>donavimus</strong></span> <span class='ocrx_word' id='word_1_382' title='bbox 1671 4606 1706 4669; x_wconf 90' lang='lat' dir='ltr'><strong>et</strong></span> <span class='ocrx_word' id='word_1_383' title='bbox 1727 4602 1981 4670; x_wconf 81' lang='lat' dir='ltr'><strong>contirmurimus</strong></span> <span class='ocrx_word' id='word_1_384' title='bbox 2002 4602 2100 4672; x_wconf 88' lang='lat' dir='ltr'><strong>libera</strong></span> <span class='ocrx_word' id='word_1_385' title='bbox 2192 4647 2194 4651; x_wconf 79' lang='lat'><em>.</em></span> 
     </span>
    </p>
   </div>
   <div class='ocr_carea' id='block_1_14' title="bbox 534 4696 2100 5307">
    <p class='ocr_par' dir='ltr' id='par_1_15' title="bbox 534 4696 2100 5307">
     <span class='ocr_line' id='line_1_37' title="bbox 537 4696 2099 4789; baseline 0.002 -19"><span class='ocrx_word' id='word_1_386' title='bbox 537 4717 576 4770; x_wconf 82' lang='lat' dir='ltr'><strong>ac</strong></span> <span class='ocrx_word' id='word_1_387' title='bbox 596 4706 748 4787; x_wconf 82' lang='lat' dir='ltr'><strong>perpetue</strong></span> <span class='ocrx_word' id='word_1_388' title='bbox 769 4702 1006 4787; x_wconf 87' lang='lat' dir='ltr'><strong>possidendam:</strong></span> <span class='ocrx_word' id='word_1_389' title='bbox 1030 4723 1103 4772; x_wconf 91' lang='lat' dir='ltr'><strong>cum</strong></span> <span class='ocrx_word' id='word_1_390' title='bbox 1124 4705 1264 4772; x_wconf 88' lang='lat' dir='ltr'><strong>eiusdem</strong></span> <span class='ocrx_word' id='word_1_391' title='bbox 1285 4704 1360 4773; x_wconf 81' lang='lat' dir='ltr'><strong>ville</strong></span> <span class='ocrx_word' id='word_1_392' title='bbox 1380 4705 1556 4774; x_wconf 83' lang='lat' dir='ltr'><strong>Gostecove</strong></span> <span class='ocrx_word' id='word_1_393' title='bbox 1576 4705 1699 4773; x_wconf 89' lang='lat' dir='ltr'><strong>decima</strong></span> <span class='ocrx_word' id='word_1_394' title='bbox 1712 4703 1754 4772; x_wconf 89' lang='lat' dir='ltr'><strong>ad</strong></span> <span class='ocrx_word' id='word_1_395' title='bbox 1775 4696 2099 4798; x_wconf 52' lang='lat' dir='ltr'><strong>parochiale-,eccle</strong></span> 
     </span>
     <span class='ocr_line' id='line_1_38' title="bbox 536 4803 2098 4895; baseline 0.007 -24"><span class='ocrx_word' id='word_1_396' title='bbox 536 4803 619 4872; x_wconf 83' lang='lat' dir='ltr'><strong>alum</strong></span> <span class='ocrx_word' id='word_1_397' title='bbox 639 4804 674 4871; x_wconf 92' lang='lat' dir='ltr'><strong>iu</strong></span> <span class='ocrx_word' id='word_1_398' title='bbox 695 4803 806 4872; x_wconf 68' lang='lat' dir='ltr'><strong>mdem</strong></span> <span class='ocrx_word' id='word_1_399' title='bbox 826 4805 903 4873; x_wconf 81' lang='lat' dir='ltr'><strong>villa</strong></span> <span class='ocrx_word' id='word_1_400' title='bbox 924 4811 1138 4874; x_wconf 87' lang='lat' dir='ltr'><strong>constructum</strong></span> <span class='ocrx_word' id='word_1_401' title='bbox 1156 4811 1191 4873; x_wconf 91' lang='lat' dir='ltr'><strong>et</strong></span> <span class='ocrx_word' id='word_1_402' title='bbox 1212 4825 1233 4873; x_wconf 89' lang='lat' dir='ltr'><strong>a</strong></span> <span class='ocrx_word' id='word_1_403' title='bbox 1253 4805 1343 4874; x_wconf 90' lang='lat' dir='ltr'><strong>nobis</strong></span> <span class='ocrx_word' id='word_1_404' title='bbox 1364 4808 1441 4875; x_wconf 92' lang='lat' dir='ltr'><strong>olim</strong></span> <span class='ocrx_word' id='word_1_405' title='bbox 1463 4812 1678 4875; x_wconf 87' lang='lat' dir='ltr'><strong>consecratum</strong></span> <span class='ocrx_word' id='word_1_406' title='bbox 1693 4807 1882 4892; x_wconf 87' lang='lat' dir='ltr'><strong>pertinuisse</strong></span> <span class='ocrx_word' id='word_1_407' title='bbox 1905 4807 2098 4895; x_wconf 73' lang='lat' dir='ltr'><strong>ommmurr,</strong></span> 
     </span>
     <span class='ocr_line' id='line_1_39' title="bbox 536 4905 2100 5007; baseline 0.002 -30"><span class='ocrx_word' id='word_1_408' title='bbox 536 4925 635 4993; x_wconf 83' lang='lat' dir='ltr'><strong>quum</strong></span> <span class='ocrx_word' id='word_1_409' title='bbox 656 4905 809 4976; x_wconf 77' lang='lat' dir='ltr'><strong>dudmam</strong></span> <span class='ocrx_word' id='word_1_410' title='bbox 829 4907 952 4995; x_wconf 82' lang='lat' dir='ltr'><strong>prefate</strong></span> <span class='ocrx_word' id='word_1_411' title='bbox 979 4909 1053 4978; x_wconf 82' lang='lat' dir='ltr'><strong>ville</strong></span> <span class='ocrx_word' id='word_1_412' title='bbox 1082 4909 1115 4977; x_wconf 92' lang='lat' dir='ltr'><strong>iu</strong></span> <span class='ocrx_word' id='word_1_413' title='bbox 1143 4910 1243 4994; x_wconf 85' lang='lat' dir='ltr'><strong>ipsius</strong></span> <span class='ocrx_word' id='word_1_414' title='bbox 1269 4910 1400 4979; x_wconf 86' lang='lat' dir='ltr'><strong>ecclesie</strong></span> <span class='ocrx_word' id='word_1_415' title='bbox 1421 4910 1659 5007; x_wconf 76' lang='lat' dir='ltr'><strong>consecratione</strong></span> <span class='ocrx_word' id='word_1_416' title='bbox 1682 4908 1863 4978; x_wconf 83' lang='lat' dir='ltr'><strong>dotavimus</strong></span> <span class='ocrx_word' id='word_1_417' title='bbox 1883 4911 2029 4993; x_wconf 72' lang='lat' dir='ltr'><strong>cande-3</strong></span> <span class='ocrx_word' id='word_1_418' title='bbox 2050 4913 2100 4980; x_wconf 93' lang='lat' dir='ltr'><strong>iu·</strong></span> 
     </span>
     <span class='ocr_line' id='line_1_40' title="bbox 536 5011 2100 5102; baseline 0.004 -24"><span class='ocrx_word' id='word_1_419' title='bbox 536 5013 623 5078; x_wconf 87' lang='lat' dir='ltr'><strong>stum</strong></span> <span class='ocrx_word' id='word_1_420' title='bbox 643 5028 779 5094; x_wconf 87' lang='lat' dir='ltr'><strong>namque</strong></span> <span class='ocrx_word' id='word_1_421' title='bbox 799 5016 896 5079; x_wconf 87' lang='lat' dir='ltr'><strong>estet</strong></span> <span class='ocrx_word' id='word_1_422' title='bbox 910 5012 1085 5097; x_wconf 89' lang='lat' dir='ltr'><strong>apostolice</strong></span> <span class='ocrx_word' id='word_1_423' title='bbox 1105 5012 1263 5080; x_wconf 75' lang='lat' dir='ltr'><strong>sanctioni</strong></span> <span class='ocrx_word' id='word_1_424' title='bbox 1284 5019 1539 5095; x_wconf 85' lang='lat' dir='ltr'><strong>consentaneum,</strong></span> <span class='ocrx_word' id='word_1_425' title='bbox 1561 5019 1599 5079; x_wconf 88' lang='lat' dir='ltr'><strong>ut</strong></span> <span class='ocrx_word' id='word_1_426' title='bbox 1619 5012 1665 5078; x_wconf 91' lang='lat' dir='ltr'><strong>hii</strong></span> <span class='ocrx_word' id='word_1_427' title='bbox 1686 5011 1886 5097; x_wconf 80' lang='lat' dir='ltr'><strong>potissimum</strong></span> <span class='ocrx_word' id='word_1_428' title='bbox 1900 5013 2008 5083; x_wconf 87' lang='lat' dir='ltr'><strong>altarii</strong></span> <span class='ocrx_word' id='word_1_429' title='bbox 2025 5035 2100 5102; x_wconf 91' lang='lat' dir='ltr'><strong>pro·</strong></span> 
     </span>
     <span class='ocr_line' id='line_1_41' title="bbox 534 5112 2100 5208; baseline 0.004 -27"><span class='ocrx_word' id='word_1_430' title='bbox 534 5112 682 5182; x_wconf 81' lang='lat' dir='ltr'><strong>sentibus</strong></span> <span class='ocrx_word' id='word_1_431' title='bbox 700 5114 940 5208; x_wconf 82' lang='lat' dir='ltr'><strong>communicent,</strong></span> <span class='ocrx_word' id='word_1_432' title='bbox 963 5115 1020 5200; x_wconf 86' lang='lat' dir='ltr'><strong>qui</strong></span> <span class='ocrx_word' id='word_1_433' title='bbox 1041 5115 1229 5200; x_wconf 74' lang='lat' dir='ltr'><strong>ripduucius</strong></span> <span class='ocrx_word' id='word_1_434' title='bbox 1250 5117 1366 5185; x_wconf 85' lang='lat' dir='ltr'><strong>ultorio</strong></span> <span class='ocrx_word' id='word_1_435' title='bbox 1387 5117 1544 5184; x_wconf 81' lang='lat' dir='ltr'><strong>deservire</strong></span> <span class='ocrx_word' id='word_1_436' title='bbox 1566 5113 1751 5200; x_wconf 87' lang='lat' dir='ltr'><strong>probantur.</strong></span> <span class='ocrx_word' id='word_1_437' title='bbox 1785 5114 1868 5195; x_wconf 86' lang='lat' dir='ltr'><strong>Quiu</strong></span> <span class='ocrx_word' id='word_1_438' title='bbox 1888 5117 1990 5185; x_wconf 79' lang='lat' dir='ltr'><strong>eciem</strong></span> <span class='ocrx_word' id='word_1_439' title='bbox 2012 5125 2100 5188; x_wconf 81' lang='lat' dir='ltr'><strong>trun·</strong></span> 
     </span>
     <span class='ocr_line' id='line_1_42' title="bbox 534 5215 2098 5307; baseline 0.003 -22"><span class='ocrx_word' id='word_1_440' title='bbox 534 5215 687 5300; x_wconf 79' lang='lat' dir='ltr'><strong>puillitati</strong></span> <span class='ocrx_word' id='word_1_441' title='bbox 708 5223 742 5287; x_wconf 90' lang='lat' dir='ltr'><strong>et</strong></span> <span class='ocrx_word' id='word_1_442' title='bbox 760 5219 829 5304; x_wconf 91' lang='lat' dir='ltr'><strong>paci</strong></span> <span class='ocrx_word' id='word_1_443' title='bbox 850 5218 1039 5287; x_wconf 89' lang='lat' dir='ltr'><strong>dilectorum</strong></span> <span class='ocrx_word' id='word_1_444' title='bbox 1066 5216 1203 5286; x_wconf 70' lang='lat' dir='ltr'><strong>usuum</strong></span> <span class='ocrx_word' id='word_1_445' title='bbox 1230 5219 1383 5288; x_wconf 67' lang='lat' dir='ltr'><strong>condicti</strong></span> <span class='ocrx_word' id='word_1_446' title='bbox 1416 5218 1604 5287; x_wconf 86' lang='lat' dir='ltr'><strong>monasterii</strong></span> <span class='ocrx_word' id='word_1_447' title='bbox 1628 5217 1662 5284; x_wconf 91' lang='lat' dir='ltr'><strong>iu</strong></span> <span class='ocrx_word' id='word_1_448' title='bbox 1691 5216 1833 5285; x_wconf 82' lang='lat' dir='ltr'><strong>futurum</strong></span> <span class='ocrx_word' id='word_1_449' title='bbox 1861 5221 2098 5307; x_wconf 85' lang='lat' dir='ltr'><strong>prospicientes,</strong></span> 
     </span>
    </p>
   </div>
   <div class='ocr_carea' id='block_1_15' title="bbox 0 0 2292 6240">
    <p class='ocr_par' dir='ltr' id='par_1_16' title="bbox 0 0 2292 6240">
     <span class='ocr_line' id='line_1_43' title="bbox 0 0 2292 6240; baseline 0 2"><span class='ocrx_word' id='word_1_450' title='bbox 0 0 2292 6240; x_wconf 95' lang='lat' dir='ltr'><strong> </strong></span> 
     </span>
    </p>
   </div>
  </div>
 </body>
</html>
