4574 6240
655 253 728 337 122

650 453 811 535 firmitatis
833 457 1014 524 constancia
1040 474 1103 523 uon
1127 453 1286 522 meeluut
1332 452 1451 521 Notum
1473 453 1571 539 igitur
1593 451 1637 519 sit
1655 448 1811 518 universis
1834 447 1954 517 christi
1982 445 2124 514 fidelibus
2143 445 2203 519 boc

651 556 803 642 scriptum
824 557 1023 642 inspecturis,
1038 557 1123 643 quod
1145 576 1202 641 ego
1223 556 1341 623 Paulus
1363 556 1423 624 Del
1444 557 1551 642 gracia
1569 552 1793 623 Poananiensis
1806 551 1936 620 ecclesie
1950 549 2129 634 episcopus.
2147 568 2203 633 pro

651 659 898 726 commutacione
918 658 1008 727 funeb
1029 662 1062 728 in
1083 678 1146 744 quo
1168 657 1333 727 cenobium
1356 658 1517 726 murlense
1539 664 1590 726 est
1610 657 1748 725 locatum
1770 654 1900 723 ecclesie
1921 671 1992 720 mee
2006 652 2202 737 pertinentis,

651 759 707 846 qui
727 764 888 846 usquead
916 764 1029 831 uallem
1054 782 1116 848 que
1142 766 1192 830 est
1217 762 1302 828 inter
1325 761 1476 847 Lapidem
1498 767 1532 829 ct
1551 759 1704 842 Pedasos,
1737 777 1808 826 cum
1837 758 1909 825 lacu
1934 756 2108 834 adiacente,
2133 771 2203 823 eum

651 881 778 931 nemore
799 868 833 933 ct
853 864 948 933 litora
968 866 1115 947 seeundo,
1140 883 1180 932 ex
1200 863 1332 930 adverso
1353 883 1453 949 usque
1474 865 1514 932 ad
1536 865 1669 932 eandem
1691 861 1804 929 vollem
1826 880 1884 945 per
1897 858 2015 926 limites
2029 858 2202 926 insularum

651 963 752 1034 Parslr
773 970 807 1034 et
827 964 944 1034 Sostna
963 968 1136 1052 vulgariter
1156 972 1353 1034 vocatarum:
1376 967 1456 1036 dnus
1475 968 1578 1050 villas,
1601 985 1697 1033 unam
1718 966 1751 1031 lu
1774 963 1935 1031 territorio
1960 960 2132 1030 cirenensi
2147 978 2202 1028 no·

651 1066 736 1136 minc
758 1067 958 1155 Cneghcnits,
981 1075 1016 1138 et
1036 1070 1132 1137 aliam
1154 1068 1187 1135 in
1210 1069 1372 1136 territorio
1393 1070 1594 1138 Bcccoviensi
1617 1087 1680 1154 que
1701 1067 1819 1135 dicitur
1840 1066 1991 1147 leaerseo,
2021 1063 2143 1147 suscepi
2164 1063 2204 1131 dc
2254 1080 2258 1088 ·

652 1170 793 1239 matrimi
814 1189 968 1239 comensn
987 1177 1021 1240 et
1042 1169 1200 1239 mmmuni
1218 1171 1349 1240 coasilio
1372 1171 1512 1258 capituli
1533 1173 1607 1240 mci.
1644 1169 1694 1238 Ne
1715 1169 1814 1254 igitur
1836 1169 1896 1238 hoc
1916 1166 2035 1236 mium
2056 1184 2204 1252 processu

651 1273 803 1358 temporis
823 1273 989 1358 qumquam
1011 1280 1144 1342 conetur
1169 1273 1311 1355 irritare,
1342 1281 1520 1359 presentem
1544 1274 1692 1360 minam
1723 1272 1819 1357 sigilli
1840 1272 1903 1339 mei
1925 1278 1959 1339 et
1981 1268 2122 1355 Capituli
2142 1270 2205 1337 mei

652 1375 824 1443 munimine
843 1375 973 1460 dignum
994 1375 1071 1443 duxi
1092 1375 1251 1443 roborare
1282 1375 1386 1444 Huius
1406 1376 1483 1445 laeti
1504 1382 1580 1444 sunt
1600 1382 1713 1443 testes:
1736 1376 1874 1443 decanus
1893 1373 2069 1453 vitoslaus,
2091 1370 2204 1439 Petrus

652 1475 899 1561 archidiaconus,
922 1485 1033 1547 cantor
1053 1476 1274 1562 Boguphalns3
1302 1477 1488 1562 Pribizlaus,
1514 1478 1651 1546 Michacl
1672 1477 1782 1545 etalii
1808 1495 1905 1561 quarn
1933 1476 2040 1563 plures
2064 1473 2205 1542 canonici

517 1637 522 1648 .
651 1579 947 1648 Pemauiensss.1n
969 1580 1168 1650 drcneundis
1188 1587 1295 1648 autem
1317 1582 1468 1666 predictis
1488 1581 1582 1664 uillis
1602 1598 1660 1665 ego
1682 1581 1752 1665 ipse
1774 1580 1940 1665 episcopus
1962 1595 2034 1645 cum
2055 1576 2205 1662 predictis

511 1738 518 1750 .
651 1683 769 1752 decano
787 1689 822 1753 et
842 1689 980 1767 cantare,
1002 1684 1144 1752 Iohanne
1165 1684 1299 1769 plebano
1320 1684 1361 1753 de
1382 1685 1539 1752 Mcaerets
1560 1688 1599 1770 et,
1613 1682 1724 1750 multis
1744 1682 1817 1749 aliis
1838 1680 2010 1766 capellanis
2030 1677 2205 1762 medaeam

642 1782 769 1855 ‘abbate
788 1785 930 1855 arnoldo
949 1792 983 1855 et
999 1786 1105 1873 priore
1126 1785 1306 1854 thrlacbo
1325 1788 1501 1871 ceterisque
1525 1785 1679 1854 fratribus
1699 1783 1832 1870 predicti
1851 1782 2032 1852 &aventus
2053 1780 2205 1865 aquibus

652 1886 712 1957 luc
731 1885 817 1957 iacta
836 1893 887 1957 est
907 1890 1125 1972 commataeio‚
1150 1888 1361 1957 interfuimus
1404 1891 1489 1959 dcta
1505 1895 1582 1956 sunt
1601 1888 1661 1957 bec
1680 1888 1722 1954 ab
1742 1887 1965 1955 Ineamacione
1987 1884 2113 1954 Domini
2135 1882 2204 1951 mil·

651 1988 762 2060 lesimo
779 1988 993 2060 ducentesimo
1014 1991 1174 2062 tricesimo
1195 1991 1343 2075 meando,
1362 1991 1523 2061 Kalendas
1543 1990 1627 2075 lulii,
1650 1989 1826 2059 Indictione
1847 1988 1956 2058 tercia

757 2193 931 2278 Rudente,
949 2200 987 2263 de
1001 2197 1076 2285 lad
1098 2195 1207 2283 Lapis,
1228 2198 1365 2265 Komieri.
1388 2197 1491 2266 Vallis
1505 2197 1590 2265 inter
1607 2194 1761 2282 Lapidem
1782 2200 1817 2264 et
1829 2193 1982 2278 Pollcsco,
2004 2198 2107 2260 dolius
2122 2199 2206 2257 etna·

651 2303 762 2366 edeam
791 2302 1009 2386 npedajpcepo
1038 2304 1077 2365 do
1107 2309 1211 2366 stram
1239 2303 1403 2368 Wierzdicc
1424 2321 1461 2382 p.
1490 2322 1527 2367 ro.
1563 2301 1727 2367 Weerzbao.
1762 2297 1866 2367 meua
1896 2297 2058 2380 adiacens,
2084 2300 2206 2378 jezioro

647 2421 683 2482 p.
703 2422 739 2466 ra.
764 2403 908 2468 diodone.
929 2399 1081 2484 Policsea
1103 2406 1235 2470 Peliclto.
1263 2403 1370 2472 insule
1391 2403 1492 2472 Parsis
1505 2408 1540 2472 et
1553 2401 1681 2484 Scstna.
1702 2410 1831 2484 ostrowy
1852 2420 1895 2467 aa
1907 2422 1952 2466 ra
1980 2402 2095 2465 Wurta
2118 2396 2206 2465 Circ-

651 2502 778 2587 mmsis
793 2507 839 2570 de
861 2487 956 2572 droa
980 2502 1182 2591 creberin.
1200 2511 1352 2595 raucus
1373 2507 1601 2589 mmmmm,
1623 2510 1661 2573 aa
1675 2508 1822 2572 naemu.
1844 2503 1997 2588 1ezuseo,
2020 2506 2204 2583 ωηεν..

653 2603 819 2692 Kerateis,
846 2610 1067 2696 nummum.
2100 2655 2102 2659 ,

1325 2804 1401 2892 Nr.
1435 2800 1534 2892 138.

656 3021 659 3025 ’
756 2997 986 3083 wladislaus
1024 2999 1086 3104 ple
1124 3000 1392 3085 reomdaoicnis
1431 3000 1565 3086 odonis
1603 2999 1711 3084 tilius
1752 3001 1830 3084 dux
1870 2927 2025 3083 bolonie
2068 3001 2205 3081 1232

655 3114 735 3202 Jlll.
759 3120 804 3216 8,
829 3117 872 3202 lli
897 3117 1097 3224 Pddnanitt3
1126 3137 1248 3207 confert
1268 3139 1461 3208 monasterio
1479 3139 1520 3207 dc
1540 3137 1676 3207 Snleicvr
1697 3137 1806 3205 villam
1827 3135 2018 3205 Snmkow.

757 3241 945 3323 examen.
970 3244 1133 3307 Muczlcora
1161 3246 1230 3307 dod
1249 3245 1430 3324 diplomatis
1458 3247 1584 3307 Poloaic
1615 3242 1720 3317 tur.
1740 3242 1792 3304 22.
1840 3243 2039 3322 ibamuuapt
2063 3245 2207 3322 potuicr·

654 3344 754 3424 &aaa
768 3361 883 3425 prm:
909 3341 1089 3412 moruus
1110 3343 1175 3411 dux
1195 3341 1388 3412 Landebicie
1409 3349 1469 3412 etc.
1491 3340 1576 3408 1260
1593 3339 1668 3409 Jun
1693 3341 1744 3425 13,
1761 3342 1796 3408 in
1820 3340 1945 3413 muna

615 3548 618 3554 '
757 3544 795 3614 In
823 3547 949 3616 nemim
976 3552 1088 3616 sancte
1111 3553 1146 3616 et
1176 3547 1339 3616 individue
1364 3547 1539 3615 Trinitatis
1582 3545 1718 3616 Noverit
1744 3563 1874 3633 presens
1905 3553 1975 3616 stas
2003 3549 2207 3634 omniumque

652 3646 832 3717 iubrrorum
852 3649 1033 3736 posteritas,
1055 3650 1140 3735 quod
1160 3669 1218 3735 ego
1242 3649 1437 3718 Wlodislaus
1459 3650 1512 3735 pie
1532 3648 1765 3718 recordacionis
1779 3648 1899 3719 Odouis
1920 3648 2005 3717 lilius
2026 3650 2086 3718 Dei
2099 3652 2207 3736 grado

653 3749 720 3819 dux
736 3750 874 3836 Polonie,
894 3752 1013 3820 contuli
1034 3751 1103 3821 Deo
1125 3759 1159 3821 et
1179 3753 1272 3822 beate
1293 3752 1395 3821 Maria
1416 3756 1450 3820 et
1469 3752 1576 3820 domui
1598 3751 1638 3820 de
1659 3750 1767 3837 Syliov
1788 3759 1822 3819 et
1834 3750 1988 3820 cambus
2008 3753 2125 3822 ibidem
2139 3755 2207 3823 Deo

653 3853 860 3924 surimabm
885 3873 1055 3942 eommque
1082 3857 1315 3925 comessoribus
1348 3855 1456 3922 villam
1487 3874 1550 3940 que
1575 3855 1694 3924 dicitur
1722 3853 1903 3938 Somnia,
1931 3857 1966 3922 in
1991 3856 2207 3925 remissiorem

654 3963 854 4045 pacatorum
876 3977 1017 4027 meorum
1040 3958 1139 4028 libere
1168 3967 1202 4029 et
1228 3961 1334 4045 quiete
1360 3958 1586 4044 perpetualiter
1606 3957 1844 4044 possidendam
1872 3958 1981 4026 villam
2001 3958 2124 4027 scilicet
2143 3979 2207 4045 que

654 4059 794 4144 pertinet
812 4060 855 4128 ad
875 4059 1013 4128 nesroch
1031 4062 1071 4129 de
1090 4060 1207 4129 Wilem
1228 4080 1300 4128 cum
1319 4062 1463 4128 omnibus
1484 4061 1687 4146 pertinenciis
1709 4079 1772 4145 que
1785 4061 1828 4127 ad
1840 4061 2133 4144 supranominatum
2155 4081 2206 4131 ca·

653 4166 756 4231 sltem
775 4161 970 4247 spectabant
1015 4161 1062 4230 Ut
1081 4163 1180 4247 igitur
1200 4163 1317 4230 donum
1340 4170 1485 4230 nestmm
1504 4167 1610 4230 ratum
1631 4168 1665 4231 et
1687 4162 1814 4231 mum
1836 4163 1999 4245 habeatur,
2028 4171 2207 4250 presentem

652 4263 801 4351 paginam
819 4263 914 4350 sigilli
936 4266 1036 4332 nostri
1056 4265 1230 4333 munimine
1247 4265 1376 4350 dignum
1398 4265 1545 4332 duximus
1566 4265 1783 4334 roborandam
1820 4266 1865 4333 Et
1886 4267 1914 4333 si
1935 4267 2007 4349 quis
2030 4285 2127 4352 super
2148 4267 2208 4337 boe

522 4413 524 4418 ,
653 4365 856 4436 donacionem
888 4373 1030 4435 uostmm
1063 4367 1217 4435 instimtn
1244 4368 1362 4436 inimici
1392 4373 1634 4454 presumptuose
1658 4368 1692 4434 iu
1722 4369 1830 4453 aliquo
1853 4387 2039 4454 quocunque
2067 4376 2208 4456 tempere

653 4469 773 4540 violare
794 4471 1006 4557 temptaverit,
1027 4476 1190 4556 tamquam
1210 4478 1319 4539 nostre
1341 4472 1506 4557 dignitatis
1527 4490 1610 4554 reus,
1632 4471 1773 4539 uindicta
1793 4471 1873 4555 legis
1893 4471 2030 4540 humane
2042 4473 2206 4542 multetur.

654 4574 739 4642 dcta
759 4576 834 4639 sunt
853 4572 913 4640 bec
932 4591 1016 4641 auno
1036 4574 1078 4641 ab
1099 4575 1322 4643 Incomaeione
1343 4575 1470 4643 Domini
1494 4573 1716 4656 MOCXXXII,
1748 4575 1905 4643 existeme
1930 4574 2010 4642 daca
2033 4576 2068 4642 in
2089 4576 2208 4645 Posna·

654 4675 709 4744 nia
729 4694 801 4744 cnm
822 4675 967 4762 episcopo
989 4678 1127 4746 civitatis
1148 4679 1289 4746 eiusdem
1310 4683 1344 4747 et
1372 4679 1440 4746 suis
1461 4678 1645 4761 baronibus,
1678 4677 1791 4763 quinto
1811 4676 1864 4744 die
1888 4683 1962 4761 post
1986 4675 2101 4746 imtnm
2122 4679 2208 4747 beuti

654 4776 760 4862 Petri,
792 4778 904 4865 quinta
936 4776 1045 4848 Nonas
1076 4779 1161 4849 lulii.
1204 4780 1315 4849 Testes
1354 4780 1449 4849 huius
1487 4779 1668 4848 donacionis
1704 4784 1794 4847 suut:
1838 4778 2002 4866 episcopos
2040 4779 2077 4848 P.
2113 4781 2208 4850 Posa-

655 4880 826 4965 naniensis,
851 4883 1030 4969 prepositus
1056 4883 1097 4952 de
1122 4882 1272 4967 Santbcc,
1299 4883 1431 4971 Epidius
1459 4883 1641 4969 capellanus
1667 4881 1708 4952 de
1729 4881 1873 4968 ligbeui,
1896 4881 1936 4951 G.
1959 4882 2092 4953 clericus
2110 4885 2206 4954 curie.

649 5120 654 5130 ¹
758 5083 876 5186 Syllae,
896 5089 1033 5167 Salejom
1055 5086 1234 5170 sansonis,
1252 5093 1425 5155 Strnozltoro
1442 5095 1603 5173 przyteptu
1623 5094 1678 5154 rosi
1695 5091 1831 5171 Dobroro,
1851 5089 1941 5154 ktdro
1958 5110 2042 5155 urna
2061 5095 2206 5156 zianensi

656 5192 742 5271 tepet
758 5193 837 5255 roda
852 5195 1034 5273 przppedte
1053 5194 1243 5258 kieeztororoi
1264 5196 1517 5274 semenstrem.
1546 5191 1672 5275 wilere,
1702 5191 1824 5271 WieIeri,
1846 5195 1895 5257 lab
1909 5190 1955 5258 te'i
1970 5197 2080 5260 duum
2101 5213 2208 5259 nermo
