4574 6240
1935 428 2007 508 lot
2068 470 2070 474 >

477 641 558 716 ciuio
579 647 613 711 et
633 639 728 727 sigilli
750 636 809 709 mel
831 639 1000 709 munimine
1024 636 1106 708 hauc
1133 639 1280 725 paginam
1301 637 1423 707 decrevi
1446 637 1595 722 insigniri.
1638 638 1719 705 dcta
1746 642 1821 703 sant
1841 635 1899 703 lrec
1921 634 2011 701 testi·

476 746 580 819 monio
600 745 718 812 domiui
740 744 829 814 Pauli
850 745 986 828 episcopi
1008 744 1240 825 Poznanieusis,
1261 743 1370 811 demini
1393 743 1537 824 Vitosloi‚
1559 741 1765 809 archidiaconi
1784 741 1879 821 Petri,
1903 744 1937 806 et
1958 757 2010 804 co·

477 868 545 920 rum
565 867 659 934 quam
681 846 824 932 pluribus
851 847 923 914 aliis
947 847 1105 914 mnonicis
1134 845 1272 913 eiusdem
1301 845 1442 931 Capituli
1467 852 1500 914 et
1521 845 1628 913 multis
1648 843 1798 911 militibus
1819 843 1908 925 meis,
1930 861 2011 909 anuo

476 952 516 1022 nb
537 950 759 1020 Iucumacioue
778 950 903 1018 Domini
923 947 1134 1018 MDDXXV.

580 1189 734 1272 mutiles,
759 1194 912 1271 &wialan
945 1188 1075 1273 Obezer,
1104 1192 1280 1268 oonztme.
1307 1187 1448 1273 Lipuica,
1472 1193 1608 1270 Lipoico.
1636 1186 1760 1271 Dresia,
1783 1189 1913 1267 Drolpn
1936 1182 2014 1250 Cze·

476 1293 570 1375 min,
591 1296 746 1375 Krzeriup.
768 1292 943 1373 Milesium,
958 1296 1134 1360 Miloniano.
1159 1291 1340 1376 Wigouovo‚
1355 1296 1449 1356 enada
1461 1297 1563 1357 tuille
1573 1315 1604 1373 p.
1619 1313 1656 1356 m.
1675 1288 1806 1356 Poznmi.
1830 1288 2005 1368 dedecoro,

477 1399 671 1486 Ipdrch'eno.

1044 1813 1049 1824 Ι
1144 1694 1218 1779 ur.
1252 1690 1349 1779 118.

582 1887 815 1972 Wiuoontius
840 1888 1100 1992 achiepiscop.
1135 1890 1284 1975 Polonio
1315 1896 1448 1972 1225
1478 1890 1884 1990 lion.1,·induennu;
1917 1905 2017 1973 rome

478 2009 677 2082 nomeriis
697 2008 737 2076 de
757 2007 876 2094 Luliut
897 2009 991 2076 etde
1012 2009 1192 2094 Henrykow
1211 2012 1348 2079 decimas
1369 2014 1408 2080 de
1431 2013 1589 2080 territerio
1607 2011 1743 2095 qiiodam
1762 2013 1795 2077 in
1816 2011 1942 2094 nogione
1965 2027 2016 2076 co-

478 2115 538 2184 stri
559 2111 666 2181 Nakle
687 2113 759 2193 sito,
781 2112 979 2178 monasteriis
1000 2113 1170 2196 praedietis
1192 2134 1212 2180 a
1233 2114 1407 2183 wladislao
1427 2117 1507 2184 duce
1527 2115 1675 2182 Poloniac
1696 2114 1820 2182 collato.

592 2217 750 2281 mmmm.
780 2218 897 2295 rcum.
933 2219 1037 2280 sanae
1069 2221 1160 2282 aaa
1191 2220 1316 2300 mooe,
1339 2223 1588 2300 arpennem
1612 2222 1640 2300 1,
1662 2220 1736 2283 203.
1758 2220 1846 2282 aner
1876 2222 2020 2297 maman

477 2325 529 2401 tot
550 2321 618 2384 ιιι
647 2319 797 2400 aenaea
828 2317 1024 2383 nermo
1039 2338 1074 2398 p.
1096 2321 1126 2386 e.
1266 2390 1269 2396 ,

581 2541 620 2610 Iu
640 2541 766 2610 nomme
793 2540 919 2608 Domini
945 2541 1046 2608 nostri
1078 2539 1173 2608 Ihesu
1202 2540 1322 2609 Christi
1355 2561 1456 2611 amen
1499 2541 1568 2628 Ego
1601 2542 1652 2610 W.
1685 2543 1888 2613 miseracione
1915 2541 2022 2609 divina

479 2644 731 2731 archiepiscopus
752 2643 882 2712 Polonie
902 2663 940 2712 ex
962 2645 1080 2729 scripto
1101 2645 1220 2712 domiui
1242 2645 1293 2712 W.
1316 2645 1404 2713 ducis
1425 2645 1465 2714 de
1485 2645 1569 2714 Usce
1590 2646 1739 2728 intellexi,
1762 2645 1846 2730 quod
1858 2645 1942 2712 idem
1955 2644 2020 2711 dur

479 2748 603 2816 drmuru
624 2747 741 2815 habeat
761 2748 957 2832 propositum
978 2748 1011 2813 in
1032 2747 1200 2830 metropoli
1221 2766 1292 2815 men
1317 2747 1444 2816 deserta
1471 2749 1700 2817 habimtoribus
1721 2748 1899 2816 concedere.
1943 2747 2022 2815 Inde

479 2849 643 2937 estquod
663 2849 755 2918 beate
783 2849 885 2918 llario
909 2850 943 2915 in
972 2848 1098 2917 Lubcns
1120 2851 1153 2917 iu
1175 2849 1428 2918 Wrntizlaviensi
1448 2851 1574 2928 diocesi,
1606 2853 1640 2919 iu
1666 2853 1826 2920 territerio
1851 2850 1891 2918 de
1918 2848 2022 2919 Nakel
2120 2874 2122 2878 ¹

479 2953 563 3022 idem
584 2953 649 3020 dux
670 2952 805 3021 eontulit
822 2950 907 3037 quod
928 2959 978 3019 est
996 2971 1018 3020 a
1038 2950 1160 3021 Donavi
1181 2971 1279 3037 supra
1298 2953 1460 3038 usquead
1481 2955 1585 3022 minus
1606 2954 1776 3023 Pcnnchue.
1798 2953 1929 3022 Nouelle
1944 2972 2022 3038 quo·

480 3072 542 3140 que
563 3054 754 3139 plantationi
775 3054 981 3122 construeude
1001 3055 1035 3121 iu
1057 3056 1245 3140 patrimonio
1265 3055 1384 3122 domini
1405 3055 1528 3124 Nicolui
1549 3057 1665 3124 notarii
1686 3057 1775 3124 ducis
1796 3057 1908 3139 zlesie,
1931 3077 1951 3126 a
1971 3075 2021 3125 se·

263 3132 270 3183 ⁵·
395 3179 400 3185 ·
481 3158 582 3226 cundo
603 3156 766 3227 Puzaohue
787 3157 947 3241 usquead
968 3157 1104 3224 rivulum
1126 3158 1180 3241 qui
1201 3157 1430 3225 Bruehomicia
1448 3158 1565 3226 dicitur
1584 3159 1688 3227 dietus
1714 3161 1778 3227 dur
1799 3160 1943 3228 eontulit
1980 3159 2024 3226 Et

481 3262 556 3346 quic
576 3262 610 3329 iu
630 3261 690 3328 hoc
710 3260 834 3327 deserto
855 3260 972 3326 nullius
992 3260 1127 3328 viventis
1148 3261 1300 3328 memoria
1320 3260 1417 3329 habet
1431 3261 1587 3328 culturam
1600 3261 1706 3344 luisse,
1729 3263 1799 3330 ideo
1818 3262 1859 3330 od
1873 3263 2023 3330 honorem

480 3361 540 3432 Del
561 3369 595 3432 et
614 3362 707 3431 beate
728 3362 868 3447 Virginis
886 3363 935 3429 ius
956 3362 1173 3431 decimationis
1194 3363 1228 3429 in
1248 3363 1389 3446 predicto
1407 3363 1532 3432 neena
1550 3365 1685 3433 concedo
1699 3366 1849 3451 predictis
1869 3366 2041 3450 religiosis·

482 3465 706 3554 cysterciensis
727 3465 864 3534 Ordinis.
905 3466 1017 3534 Visum
1037 3468 1122 3534 enim
1143 3472 1194 3533 est
1214 3467 1309 3534 miehi
1330 3467 1425 3533 nimis
1445 3485 1514 3534 esse
1534 3468 1764 3551 inconveniens,
1787 3469 1869 3536 siin
1891 3475 1957 3538 tam
1971 3469 2024 3555 pio

480 3571 609 3657 negoeio
631 3577 697 3640 tam
718 3569 882 3638 innombdi
903 3570 1045 3655 religioni
1067 3570 1206 3638 lovooem
1226 3589 1290 3636 non
1304 3576 1487 3655 prestarem,
1508 3572 1642 3640 maxime
1655 3590 1727 3640 cum
1742 3591 1833 3640 nemo
1847 3572 2025 3640 meminerit

481 3674 644 3744 eeclesiam
661 3673 880 3742 >Gnenuensem
901 3673 934 3740 in
955 3673 1105 3758 predictis
1126 3673 1260 3740 desertis
1278 3673 1399 3759 aliquid
1420 3674 1605 3759 percepisse.
1634 3675 1784 3742 Preeibm
1805 3693 1931 3760 quoque
1952 3693 2024 3760 pre·

481 3777 560 3846 dicti
577 3777 727 3864 principis
748 3794 806 3860 pro
826 3776 942 3843 eisdem
964 3775 1171 3860 supplicantis
1199 3774 1340 3858 obviare,
1369 3776 1515 3844 indeoeus
1540 3778 1637 3846 michi
1663 3778 1843 3846 videbatur:
1876 3797 1917 3847 ue
1945 3778 2028 3846 torte

481 3880 633 3963 eederet,
655 3879 740 3963 quod
756 3898 819 3946 non
840 3897 984 3964 caperem
1014 3885 1097 3946 terre
1123 3879 1379 3946 meliorationem
1422 3880 1488 3947 Nos
1514 3882 1612 3949 eciam
1640 3879 1823 3967 Capitulum
1840 3879 2026 3949 (inmenso

482 3982 556 4051 huic
576 3981 660 4052 iacto
681 3982 920 4065 consentientes,
942 3982 1078 4067 sigillum
1106 3981 1248 4050 nostrum
1269 3983 1310 4050 ob
1328 3983 1401 4051 fidei
1429 3991 1647 4068 argumentum
1672 3984 1885 4070 apposuimus.
1929 3986 2024 4051 Auno
2175 4074 2177 4080 Α

482 4084 610 4155 Domini
630 4085 830 4155 dccxxv
852 4087 886 4153 in
905 4086 958 4154 die
979 4085 1127 4155 Omnium
1148 4086 1347 4170 Sanctorum,
1369 4087 1403 4154 in
1424 4085 1562 4156 Gnenue.

585 4342 679 4428 Usoe,
706 4345 812 4424 Ujlcic.
845 4342 980 4425 liabens,
999 4346 1122 4434 dalmi,
1144 4368 1163 4410 z
1184 4347 1349 4412 niemiecko
1369 4347 1495 4412 mous.
1530 4343 1643 4424 Nelei
1666 4349 1774 4412 ll’alcio.
1807 4344 1938 4428 Duuevi,
1962 4348 2026 4412 Ka-

483 4468 574 4516 neno.
614 4447 717 4516 huus
743 4449 846 4515 miuus
869 4448 1030 4516 Pezachne
1061 4456 1072 4514 i
1103 4449 1272 4517 secundum
1294 4448 1469 4525 Pezuchue,
1496 4454 1620 4528 jeziora
1638 4455 1796 4536 poinipdzp
1816 4450 1942 4514 diluenti
1962 4455 2028 4530 leip

485 4557 592 4618 adacto
614 4551 737 4634 Ziotdw,
759 4562 791 4616 tu
812 4571 956 4617 nomene
980 4556 1020 4616 od
1039 4556 1092 4615 moi
1118 4557 1239 4616 zniem.
1267 4551 1388 4630 zuene?
1408 4555 1539 4616 Pelzien
1571 4550 1641 4618 Iiiv.
1662 4550 1902 4633 Bruclionnicia¹
1923 4562 2028 4616 summ.

489 4656 660 4738 Mondou,
689 4663 723 4718 ta
748 4674 896 4735 mmmm
915 4657 956 4717 od
975 4658 1028 4717 nsi
1049 4656 1159 4719 Procli
1203 4651 1335 4720 Novello
1352 4652 1508 4736 plantatio
1533 4654 1715 4722 monasterii
1737 4653 1874 4737 Lubeus,
1895 4654 2030 4720 kleeztdr

484 4761 669 4825 Aeonem
689 4777 733 4825 aa
756 4761 896 4846 Szlpzka.
