<?xml version="1.0" encoding="UTF-8"?>
<!DOCTYPE html PUBLIC "-//W3C//DTD XHTML 1.0 Transitional//EN"
    "http://www.w3.org/TR/xhtml1/DTD/xhtml1-transitional.dtd">
<html xmlns="http://www.w3.org/1999/xhtml" xml:lang="en" lang="en">
 <head>
  <title>
</title>
<meta http-equiv="Content-Type" content="text/html;charset=utf-8" />
  <meta name='ocr-system' content='tesseract 3.04.00' />
  <meta name='ocr-capabilities' content='ocr_page ocr_carea ocr_par ocr_line ocrx_word'/>
</head>
<body>
  <div class='ocr_page' id='page_1' title='image "./codexdiplomatic00zakrgoog_0241.png"; bbox 0 0 4574 6240; ppageno 0'>
   <div class='ocr_carea' id='block_1_1' title="bbox 136 588 231 3742">
    <p class='ocr_par' dir='ltr' id='par_1_1' title="bbox 136 588 231 3742">
     <span class='ocr_line' id='line_1_1' title="bbox 137 588 176 639; baseline 0 -4"><span class='ocrx_word' id='word_1_1' title='bbox 137 588 176 639; x_wconf 59' lang='lat' dir='ltr'><strong>u„</strong></span> 
     </span>
     <span class='ocr_line' id='line_1_2' title="bbox 137 696 179 746; baseline 0 0"><span class='ocrx_word' id='word_1_2' title='bbox 137 696 179 746; x_wconf 74' lang='lat' dir='ltr'><strong>a·</strong></span> 
     </span>
     <span class='ocr_line' id='line_1_3' title="bbox 137 801 181 851; baseline 0 0"><span class='ocrx_word' id='word_1_3' title='bbox 137 801 181 851; x_wconf 89' lang='lat' dir='ltr'><strong>nr</strong></span> 
     </span>
     <span class='ocr_line' id='line_1_4' title="bbox 137 904 181 954; baseline 0 -17"><span class='ocrx_word' id='word_1_4' title='bbox 137 904 181 954; x_wconf 61' lang='lat' dir='ltr'><strong>ff·</strong></span> 
     </span>
     <span class='ocr_line' id='line_1_5' title="bbox 137 1009 183 1059; baseline 0 0"><span class='ocrx_word' id='word_1_5' title='bbox 137 1009 183 1059; x_wconf 89' lang='lat' dir='ltr'><strong>nc</strong></span> 
     </span>
     <span class='ocr_line' id='line_1_6' title="bbox 137 1092 183 1160; baseline 0 0"><span class='ocrx_word' id='word_1_6' title='bbox 137 1092 183 1160; x_wconf 88' lang='lat' dir='ltr'><strong>ni·</strong></span> 
     </span>
     <span class='ocr_line' id='line_1_7' title="bbox 137 1215 186 1265; baseline 0 0"><span class='ocrx_word' id='word_1_7' title='bbox 137 1215 186 1265; x_wconf 86' lang='lat' dir='ltr'><strong>ne</strong></span> 
     </span>
     <span class='ocr_line' id='line_1_8' title="bbox 137 1306 184 1383; baseline 0.021 -16"><span class='ocrx_word' id='word_1_8' title='bbox 137 1306 184 1383; x_wconf 63' lang='grc' dir='ltr'><strong>ιτς</strong></span> 
     </span>
     <span class='ocr_line' id='line_1_9' title="bbox 137 1409 185 1486; baseline 0 0"><span class='ocrx_word' id='word_1_9' title='bbox 137 1409 185 1486; x_wconf 67' lang='lat' dir='ltr'><strong>tu</strong></span> 
     </span>
     <span class='ocr_line' id='line_1_10' title="bbox 137 1524 187 1575; baseline 0 0"><span class='ocrx_word' id='word_1_10' title='bbox 137 1524 187 1575; x_wconf 85' lang='lat' dir='ltr'><strong>es·</strong></span> 
     </span>
     <span class='ocr_line' id='line_1_11' title="bbox 137 1609 187 1678; baseline 0.02 -1"><span class='ocrx_word' id='word_1_11' title='bbox 137 1609 187 1678; x_wconf 89' lang='lat' dir='ltr'><strong>ici</strong></span> 
     </span>
     <span class='ocr_line' id='line_1_12' title="bbox 151 1714 203 1782; baseline 0 -60"><span class='ocrx_word' id='word_1_12' title='bbox 151 1714 203 1782; x_wconf 57' lang='lat' dir='ltr'><strong>et.</strong></span> 
     </span>
     <span class='ocr_line' id='line_1_13' title="bbox 137 1821 190 1885; baseline 0 0"><span class='ocrx_word' id='word_1_13' title='bbox 137 1821 190 1885; x_wconf 84' lang='lat' dir='ltr'><strong>nat</strong></span> 
     </span>
     <span class='ocr_line' id='line_1_14' title="bbox 137 1937 189 1987; baseline 0 0"><span class='ocrx_word' id='word_1_14' title='bbox 137 1937 189 1987; x_wconf 85' lang='lat' dir='ltr'><strong>am</strong></span> 
     </span>
     <span class='ocr_line' id='line_1_15' title="bbox 137 2042 219 2117; baseline 0 0"><span class='ocrx_word' id='word_1_15' title='bbox 137 2042 190 2091; x_wconf 70' lang='lat' dir='ltr'><strong>um</strong></span> <span class='ocrx_word' id='word_1_16' title='bbox 214 2108 219 2117; x_wconf 83' lang='lat'><strong>.</strong></span> 
     </span>
     <span class='ocr_line' id='line_1_16' title="bbox 137 2128 190 2194; baseline 0 0"><span class='ocrx_word' id='word_1_17' title='bbox 137 2128 190 2194; x_wconf 92' lang='lat' dir='ltr'><strong>in-</strong></span> 
     </span>
     <span class='ocr_line' id='line_1_17' title="bbox 137 2249 192 2318; baseline 0 -19"><span class='ocrx_word' id='word_1_18' title='bbox 137 2249 192 2318; x_wconf 80' lang='lat' dir='ltr'><strong>pne</strong></span> 
     </span>
     <span class='ocr_line' id='line_1_18' title="bbox 137 2335 193 2404; baseline 0 0"><span class='ocrx_word' id='word_1_19' title='bbox 137 2335 193 2404; x_wconf 91' lang='lat' dir='ltr'><strong>nie</strong></span> 
     </span>
     <span class='ocr_line' id='line_1_19' title="bbox 137 2456 192 2507; baseline 0 0"><span class='ocrx_word' id='word_1_20' title='bbox 137 2456 192 2507; x_wconf 90' lang='lat' dir='ltr'><strong>on·</strong></span> 
     </span>
     <span class='ocr_line' id='line_1_20' title="bbox 137 2540 194 2610; baseline 0 0"><span class='ocrx_word' id='word_1_21' title='bbox 137 2540 194 2610; x_wconf 76' lang='lat' dir='ltr'><strong>liei</strong></span> 
     </span>
     <span class='ocr_line' id='line_1_21' title="bbox 136 2644 193 2713; baseline 0 0"><span class='ocrx_word' id='word_1_22' title='bbox 136 2644 193 2713; x_wconf 84' lang='lat' dir='ltr'><strong>Dei</strong></span> 
     </span>
     <span class='ocr_line' id='line_1_22' title="bbox 137 2747 195 2815; baseline 0 -16"><span class='ocrx_word' id='word_1_23' title='bbox 137 2747 195 2815; x_wconf 60' lang='lat' dir='ltr'><strong>ne.</strong></span> 
     </span>
     <span class='ocr_line' id='line_1_23' title="bbox 137 2850 193 2920; baseline 0 -18"><span class='ocrx_word' id='word_1_24' title='bbox 137 2850 193 2920; x_wconf 59' lang='grc' dir='ltr'><strong>ὥ.</strong></span> 
     </span>
     <span class='ocr_line' id='line_1_24' title="bbox 152 2953 196 3022; baseline 0 0"><span class='ocrx_word' id='word_1_25' title='bbox 152 2953 196 3022; x_wconf 86' lang='lat' dir='ltr'><strong>de</strong></span> 
     </span>
     <span class='ocr_line' id='line_1_25' title="bbox 137 3061 197 3124; baseline -0.017 0"><span class='ocrx_word' id='word_1_26' title='bbox 137 3061 197 3124; x_wconf 89' lang='lat' dir='ltr'><strong>unt</strong></span> 
     </span>
     <span class='ocr_line' id='line_1_26' title="bbox 137 3159 197 3228; baseline 0 0"><span class='ocrx_word' id='word_1_27' title='bbox 137 3159 197 3228; x_wconf 82' lang='lat' dir='ltr'><strong>das</strong></span> 
     </span>
     <span class='ocr_line' id='line_1_27' title="bbox 142 3262 231 3330; baseline 0 -19"><span class='ocrx_word' id='word_1_28' title='bbox 142 3262 195 3330; x_wconf 65' lang='lat' dir='ltr'><strong>pn.</strong></span> <span class='ocrx_word' id='word_1_29' title='bbox 225 3298 231 3311; x_wconf 91' lang='lat'><strong><em>.</em></strong></span> 
     </span>
     <span class='ocr_line' id='line_1_28' title="bbox 137 3384 197 3452; baseline 0 0"><span class='ocrx_word' id='word_1_30' title='bbox 137 3384 197 3452; x_wconf 77' lang='lat'><strong>1¹1⁰</strong></span> 
     </span>
     <span class='ocr_line' id='line_1_29' title="bbox 137 3488 198 3538; baseline 0 0"><span class='ocrx_word' id='word_1_31' title='bbox 137 3488 198 3538; x_wconf 79' lang='lat' dir='ltr'><strong>am</strong></span> 
     </span>
     <span class='ocr_line' id='line_1_30' title="bbox 137 3572 199 3639; baseline 0 0"><span class='ocrx_word' id='word_1_32' title='bbox 137 3572 199 3639; x_wconf 81' lang='lat' dir='ltr'><strong>nis</strong></span> 
     </span>
     <span class='ocr_line' id='line_1_31' title="bbox 137 3673 199 3742; baseline 0 0"><span class='ocrx_word' id='word_1_33' title='bbox 137 3673 199 3742; x_wconf 77' lang='lat' dir='ltr'><strong>Da·</strong></span> 
     </span>
    </p>
   </div>
   <div class='ocr_carea' id='block_1_2' title="bbox 1979 425 2054 499">
    <p class='ocr_par' dir='ltr' id='par_1_2' title="bbox 1979 425 2054 499">
     <span class='ocr_line' id='line_1_32' title="bbox 1979 425 2054 499; baseline 0 0"><span class='ocrx_word' id='word_1_34' title='bbox 1979 425 2054 499; x_wconf 78' lang='lat'><strong>&#39;59</strong></span> 
     </span>
    </p>
   </div>
   <div class='ocr_carea' id='block_1_3' title="bbox 615 634 2055 945">
    <p class='ocr_par' dir='ltr' id='par_1_3' title="bbox 615 634 2055 945">
     <span class='ocr_line' id='line_1_33' title="bbox 1206 634 1380 728; baseline -0.006 -1"><span class='ocrx_word' id='word_1_35' title='bbox 1206 641 1279 728; x_wconf 86' lang='lat' dir='ltr'><strong>Nr.</strong></span> <span class='ocrx_word' id='word_1_36' title='bbox 1311 634 1380 726; x_wconf 80' lang='lat'><strong>57.</strong></span> 
     </span>
     <span class='ocr_line' id='line_1_34' title="bbox 615 789 2055 945; baseline -0.006 -18"><span class='ocrx_word' id='word_1_37' title='bbox 615 840 854 928; x_wconf 72' lang='lat' dir='ltr'><strong>Innocentius</strong></span> <span class='ocrx_word' id='word_1_38' title='bbox 872 839 935 945; x_wconf 87' lang='lat' dir='ltr'><strong>Pp.</strong></span> <span class='ocrx_word' id='word_1_39' title='bbox 952 839 1017 923; x_wconf 91' lang='grc' dir='ltr'><strong>ΠΙ</strong></span> <span class='ocrx_word' id='word_1_40' title='bbox 1043 789 1180 923; x_wconf 75' lang='grc'><strong>1207</strong></span> <span class='ocrx_word' id='word_1_41' title='bbox 1208 838 1292 922; x_wconf 83' lang='lat' dir='ltr'><strong>dan</strong></span> <span class='ocrx_word' id='word_1_42' title='bbox 1319 844 1392 939; x_wconf 86' lang='lat'><strong>10,</strong></span> <span class='ocrx_word' id='word_1_43' title='bbox 1418 838 1530 920; x_wconf 81' lang='lat' dir='ltr'><strong>Roma</strong></span> <span class='ocrx_word' id='word_1_44' title='bbox 1557 836 1657 940; x_wconf 90' lang='lat' dir='ltr'><strong>apud</strong></span> <span class='ocrx_word' id='word_1_45' title='bbox 1682 856 1711 918; x_wconf 85' lang='lat' dir='ltr'><strong>s.</strong></span> <span class='ocrx_word' id='word_1_46' title='bbox 1737 833 2055 936; x_wconf 72' lang='lat' dir='ltr'><strong>Petromantulum,</strong></span> 
     </span>
    </p>
   </div>
   <div class='ocr_carea' id='block_1_4' title="bbox 515 957 1700 1145">
    <p class='ocr_par' dir='ltr' id='par_1_4' title="bbox 515 957 1700 1145">
     <span class='ocr_line' id='line_1_35' title="bbox 515 957 1592 1046; baseline -0.009 -12"><span class='ocrx_word' id='word_1_47' title='bbox 515 989 554 1041; x_wconf 76' lang='lat' dir='ltr'><strong>aa</strong></span> <span class='ocrx_word' id='word_1_48' title='bbox 575 967 607 1033; x_wconf 93' lang='lat' dir='ltr'><strong>in</strong></span> <span class='ocrx_word' id='word_1_49' title='bbox 625 961 757 1030; x_wconf 77' lang='lat' dir='ltr'><strong>ccclesia</strong></span> <span class='ocrx_word' id='word_1_50' title='bbox 777 961 926 1028; x_wconf 89' lang='lat' dir='ltr'><strong>Polonioa</strong></span> <span class='ocrx_word' id='word_1_51' title='bbox 945 959 1095 1028; x_wconf 89' lang='lat' dir='ltr'><strong>beneficia</strong></span> <span class='ocrx_word' id='word_1_52' title='bbox 1116 980 1172 1046; x_wconf 90' lang='lat' dir='ltr'><strong>per</strong></span> <span class='ocrx_word' id='word_1_53' title='bbox 1192 961 1367 1026; x_wconf 75' lang='lat' dir='ltr'>saeculares</span> <span class='ocrx_word' id='word_1_54' title='bbox 1382 957 1592 1028; x_wconf 86' lang='lat' dir='ltr'><strong>conferantur.</strong></span> 
     </span>
     <span class='ocr_line' id='line_1_36' title="bbox 616 1061 1700 1145; baseline -0.009 -14"><span class='ocrx_word' id='word_1_55' title='bbox 616 1062 789 1145; x_wconf 69' lang='lat' dir='ltr'><strong>Brlmeipap</strong></span> <span class='ocrx_word' id='word_1_56' title='bbox 810 1073 839 1130; x_wconf 86' lang='lat' dir='ltr'><strong>et</strong></span> <span class='ocrx_word' id='word_1_57' title='bbox 860 1066 902 1128; x_wconf 81' lang='lat' dir='ltr'><strong>du</strong></span> <span class='ocrx_word' id='word_1_58' title='bbox 928 1066 1018 1130; x_wconf 72' lang='lat' dir='ltr'><strong>discit</strong></span> <span class='ocrx_word' id='word_1_59' title='bbox 1045 1067 1227 1145; x_wconf 72' lang='lat' dir='ltr'><strong>diplomata,</strong></span> <span class='ocrx_word' id='word_1_60' title='bbox 1248 1065 1374 1128; x_wconf 74' lang='lat' dir='ltr'><strong>etatae</strong></span> <span class='ocrx_word' id='word_1_61' title='bbox 1395 1072 1451 1128; x_wconf 82' lang='lat' dir='ltr'><strong>etc.</strong></span> <span class='ocrx_word' id='word_1_62' title='bbox 1477 1064 1525 1143; x_wconf 83' lang='lat'><strong>11,</strong></span> <span class='ocrx_word' id='word_1_63' title='bbox 1546 1081 1578 1142; x_wconf 87' lang='lat' dir='ltr'><strong>p.</strong></span> <span class='ocrx_word' id='word_1_64' title='bbox 1600 1061 1700 1125; x_wconf 78' lang='lat'><strong><em>1036:</em></strong></span> 
     </span>
    </p>
   </div>
   <div class='ocr_carea' id='block_1_5' title="bbox 513 1234 2058 1560">
    <p class='ocr_par' dir='ltr' id='par_1_5' title="bbox 513 1234 2058 1560">
     <span class='ocr_line' id='line_1_37' title="bbox 616 1234 2056 1354; baseline -0.007 -17"><span class='ocrx_word' id='word_1_65' title='bbox 616 1319 624 1337; x_wconf 89' lang='lat'><strong>.</strong></span> <span class='ocrx_word' id='word_1_66' title='bbox 647 1267 852 1337; x_wconf 89' lang='lat' dir='ltr'><strong>.Poloniensi</strong></span> <span class='ocrx_word' id='word_1_67' title='bbox 872 1268 1115 1354; x_wconf 77' lang='lat' dir='ltr'><strong>archiepiscopo.</strong></span> <span class='ocrx_word' id='word_1_68' title='bbox 1137 1268 1212 1336; x_wconf 91' lang='lat' dir='ltr'><strong>Ideo</strong></span> <span class='ocrx_word' id='word_1_69' title='bbox 1234 1287 1341 1336; x_wconf 89' lang='lat' dir='ltr'><strong>sumus</strong></span> <span class='ocrx_word' id='word_1_70' title='bbox 1360 1267 1401 1336; x_wconf 89' lang='lat' dir='ltr'><strong>ad</strong></span> <span class='ocrx_word' id='word_1_71' title='bbox 1421 1267 1542 1353; x_wconf 81' lang='lat' dir='ltr'><strong>apicem</strong></span> <span class='ocrx_word' id='word_1_72' title='bbox 1564 1264 1677 1332; x_wconf 90' lang='lat' dir='ltr'><strong>summi</strong></span> <span class='ocrx_word' id='word_1_73' title='bbox 1697 1234 1902 1349; x_wconf 83' lang='lat' dir='ltr'><strong>pontificatus</strong></span> <span class='ocrx_word' id='word_1_74' title='bbox 1922 1260 2056 1330; x_wconf 89' lang='lat' dir='ltr'><strong>Domino</strong></span> 
     </span>
     <span class='ocr_line' id='line_1_38' title="bbox 513 1363 2058 1460; baseline -0.006 -21"><span class='ocrx_word' id='word_1_75' title='bbox 513 1376 696 1460; x_wconf 54' lang='lat' dir='ltr'><strong>&amp;ponente</strong></span> <span class='ocrx_word' id='word_1_76' title='bbox 712 1371 825 1453; x_wconf 81' lang='lat' dir='ltr'><strong>uocati,</strong></span> <span class='ocrx_word' id='word_1_77' title='bbox 838 1377 877 1437; x_wconf 90' lang='lat' dir='ltr'><strong>ut</strong></span> <span class='ocrx_word' id='word_1_78' title='bbox 894 1375 1001 1438; x_wconf 88' lang='lat' dir='ltr'><strong>nostre</strong></span> <span class='ocrx_word' id='word_1_79' title='bbox 1014 1370 1234 1439; x_wconf 86' lang='lat' dir='ltr'><strong>sollicitudinis</strong></span> <span class='ocrx_word' id='word_1_80' title='bbox 1249 1371 1364 1453; x_wconf 85' lang='lat' dir='ltr'><strong>studio,</strong></span> <span class='ocrx_word' id='word_1_81' title='bbox 1378 1388 1440 1454; x_wconf 91' lang='lat' dir='ltr'><strong>que</strong></span> <span class='ocrx_word' id='word_1_82' title='bbox 1454 1369 1488 1436; x_wconf 90' lang='lat' dir='ltr'><strong>in</strong></span> <span class='ocrx_word' id='word_1_83' title='bbox 1502 1368 1641 1436; x_wconf 89' lang='lat' dir='ltr'><strong>ecclesiis</strong></span> <span class='ocrx_word' id='word_1_84' title='bbox 1654 1367 1714 1434; x_wconf 86' lang='lat' dir='ltr'><strong>Dei</strong></span> <span class='ocrx_word' id='word_1_85' title='bbox 1727 1365 1846 1434; x_wconf 82' lang='lat' dir='ltr'><strong>luerint</strong></span> <span class='ocrx_word' id='word_1_86' title='bbox 1864 1363 2058 1434; x_wconf 78' lang='lat' dir='ltr'><strong>ementiundo</strong></span> 
     </span>
     <span class='ocr_line' id='line_1_39' title="bbox 514 1468 2057 1560; baseline -0.011 -9"><span class='ocrx_word' id='word_1_87' title='bbox 514 1483 546 1551; x_wconf 95' lang='lat' dir='ltr'><strong>ln</strong></span> <span class='ocrx_word' id='word_1_88' title='bbox 566 1476 677 1548; x_wconf 87' lang='lat' dir='ltr'><strong>melius</strong></span> <span class='ocrx_word' id='word_1_89' title='bbox 699 1475 916 1559; x_wconf 82' lang='lat' dir='ltr'><strong>reformentur,</strong></span> <span class='ocrx_word' id='word_1_90' title='bbox 937 1482 971 1544; x_wconf 90' lang='lat' dir='ltr'><strong>et</strong></span> <span class='ocrx_word' id='word_1_91' title='bbox 988 1477 1072 1560; x_wconf 88' lang='lat' dir='ltr'><strong>quod</strong></span> <span class='ocrx_word' id='word_1_92' title='bbox 1101 1477 1135 1543; x_wconf 91' lang='lat' dir='ltr'><strong>in</strong></span> <span class='ocrx_word' id='word_1_93' title='bbox 1161 1474 1207 1543; x_wconf 90' lang='lat' dir='ltr'><strong>eis</strong></span> <span class='ocrx_word' id='word_1_94' title='bbox 1228 1480 1338 1542; x_wconf 90' lang='lat' dir='ltr'><strong>contra</strong></span> <span class='ocrx_word' id='word_1_95' title='bbox 1358 1478 1482 1540; x_wconf 88' lang='lat' dir='ltr'><strong>statuta</strong></span> <span class='ocrx_word' id='word_1_96' title='bbox 1502 1490 1657 1540; x_wconf 77' lang='lat' dir='ltr'><strong>mnonum</strong></span> <span class='ocrx_word' id='word_1_97' title='bbox 1677 1474 1867 1551; x_wconf 86' lang='lat' dir='ltr'><strong>attentatur,</strong></span> <span class='ocrx_word' id='word_1_98' title='bbox 1891 1468 1970 1536; x_wconf 87' lang='lat' dir='ltr'><strong>laice</strong></span> <span class='ocrx_word' id='word_1_99' title='bbox 1990 1485 2057 1534; x_wconf 77' lang='lat' dir='ltr'><strong>mo</strong></span> 
     </span>
    </p>
   </div>
   <div class='ocr_carea' id='block_1_6' title="bbox 329 1569 2057 1666">
    <p class='ocr_par' dir='ltr' id='par_1_6' title="bbox 329 1569 2057 1666">
     <span class='ocr_line' id='line_1_40' title="bbox 329 1569 2057 1666; baseline -0.01 -11"><span class='ocrx_word' id='word_1_100' title='bbox 329 1588 334 1663; x_wconf 81' lang='grc' dir='ltr'>ξ</span> <span class='ocrx_word' id='word_1_101' title='bbox 418 1658 421 1666; x_wconf 69' lang='grc'><em>,</em></span> <span class='ocrx_word' id='word_1_102' title='bbox 514 1579 680 1652; x_wconf 84' lang='lat' dir='ltr'><strong>deraminis</strong></span> <span class='ocrx_word' id='word_1_103' title='bbox 701 1579 865 1664; x_wconf 87' lang='lat' dir='ltr'><strong>apostolici</strong></span> <span class='ocrx_word' id='word_1_104' title='bbox 893 1578 1006 1647; x_wconf 86' lang='lat' dir='ltr'><strong>debeat</strong></span> <span class='ocrx_word' id='word_1_105' title='bbox 1034 1578 1178 1647; x_wconf 88' lang='lat' dir='ltr'><strong>resecari.</strong></span> <span class='ocrx_word' id='word_1_106' title='bbox 1222 1577 1398 1661; x_wconf 86' lang='lat' dir='ltr'><strong>Eapropter</strong></span> <span class='ocrx_word' id='word_1_107' title='bbox 1427 1574 1613 1642; x_wconf 82' lang='lat' dir='ltr'><strong>uenerabilis</strong></span> <span class='ocrx_word' id='word_1_108' title='bbox 1632 1575 1666 1640; x_wconf 93' lang='lat' dir='ltr'><strong>in</strong></span> <span class='ocrx_word' id='word_1_109' title='bbox 1688 1572 1816 1640; x_wconf 80' lang='lat' dir='ltr'><strong>Christo</strong></span> <span class='ocrx_word' id='word_1_110' title='bbox 1837 1571 1945 1655; x_wconf 83' lang='lat' dir='ltr'><strong>irater,</strong></span> <span class='ocrx_word' id='word_1_111' title='bbox 1968 1576 2007 1637; x_wconf 91' lang='lat' dir='ltr'><strong>ut</strong></span> <span class='ocrx_word' id='word_1_112' title='bbox 2023 1569 2057 1638; x_wconf 92' lang='lat' dir='ltr'><strong>in</strong></span> 
     </span>
    </p>
   </div>
   <div class='ocr_carea' id='block_1_7' title="bbox 514 1673 2056 1767">
    <p class='ocr_par' dir='ltr' id='par_1_7' title="bbox 514 1673 2056 1767">
     <span class='ocr_line' id='line_1_41' title="bbox 514 1673 2056 1767; baseline -0.008 -12"><span class='ocrx_word' id='word_1_113' title='bbox 514 1683 643 1755; x_wconf 70' lang='lat' dir='ltr'><strong>acclama</strong></span> <span class='ocrx_word' id='word_1_114' title='bbox 664 1681 722 1749; x_wconf 91' lang='lat' dir='ltr'><strong>tibi</strong></span> <span class='ocrx_word' id='word_1_115' title='bbox 743 1682 909 1750; x_wconf 86' lang='lat' dir='ltr'><strong>commissa</strong></span> <span class='ocrx_word' id='word_1_116' title='bbox 929 1700 991 1767; x_wconf 89' lang='lat' dir='ltr'><strong>que</strong></span> <span class='ocrx_word' id='word_1_117' title='bbox 1011 1688 1100 1750; x_wconf 89' lang='lat' dir='ltr'><strong>recta</strong></span> <span class='ocrx_word' id='word_1_118' title='bbox 1119 1688 1196 1749; x_wconf 91' lang='lat' dir='ltr'><strong>sunt</strong></span> <span class='ocrx_word' id='word_1_119' title='bbox 1217 1681 1345 1749; x_wconf 87' lang='lat' dir='ltr'><strong>liberius</strong></span> <span class='ocrx_word' id='word_1_120' title='bbox 1366 1679 1493 1747; x_wconf 80' lang='lat' dir='ltr'><strong>ualeam</strong></span> <span class='ocrx_word' id='word_1_121' title='bbox 1512 1677 1691 1762; x_wconf 81' lang='lat' dir='ltr'><strong>adimpleri,</strong></span> <span class='ocrx_word' id='word_1_122' title='bbox 1718 1676 1759 1745; x_wconf 89' lang='lat' dir='ltr'><strong>ad</strong></span> <span class='ocrx_word' id='word_1_123' title='bbox 1777 1675 1937 1761; x_wconf 84' lang='lat' dir='ltr'><strong>exemplar</strong></span> <span class='ocrx_word' id='word_1_124' title='bbox 1957 1673 2056 1743; x_wconf 77' lang='lat' dir='ltr'><strong>talias</strong></span> 
     </span>
    </p>
   </div>
   <div class='ocr_carea' id='block_1_8' title="bbox 328 1776 2055 1885">
    <p class='ocr_par' dir='ltr' id='par_1_8' title="bbox 328 1776 2055 1885">
     <span class='ocr_line' id='line_1_42' title="bbox 328 1776 2055 1885; baseline -0.007 -29"><span class='ocrx_word' id='word_1_125' title='bbox 328 1776 335 1885; x_wconf 58' lang='lat' dir='ltr'><strong>ff</strong></span> <span class='ocrx_word' id='word_1_126' title='bbox 478 1845 480 1849; x_wconf 63' lang='grc'>,</span> <span class='ocrx_word' id='word_1_127' title='bbox 514 1785 734 1858; x_wconf 88' lang='lat' dir='ltr'><strong>recordationis</strong></span> <span class='ocrx_word' id='word_1_128' title='bbox 761 1785 912 1853; x_wconf 84' lang='lat' dir='ltr'><strong>cetesuni</strong></span> <span class='ocrx_word' id='word_1_129' title='bbox 940 1786 1025 1871; x_wconf 89' lang='lat' dir='ltr'><strong>Pape</strong></span> <span class='ocrx_word' id='word_1_130' title='bbox 1053 1785 1280 1870; x_wconf 82' lang='lat' dir='ltr'><strong>predecessoris</strong></span> <span class='ocrx_word' id='word_1_131' title='bbox 1307 1783 1408 1851; x_wconf 84' lang='lat' dir='ltr'><strong>nostri</strong></span> <span class='ocrx_word' id='word_1_132' title='bbox 1440 1781 1631 1867; x_wconf 81' lang='lat' dir='ltr'><strong>presentium</strong></span> <span class='ocrx_word' id='word_1_133' title='bbox 1659 1780 1849 1848; x_wconf 87' lang='lat' dir='ltr'><strong>auctoritate</strong></span> <span class='ocrx_word' id='word_1_134' title='bbox 1880 1777 2055 1846; x_wconf 69' lang='lat' dir='ltr'><strong>deuictus</strong></span> 
     </span>
    </p>
   </div>
   <div class='ocr_carea' id='block_1_9' title="bbox 514 1879 2056 2385">
    <p class='ocr_par' dir='ltr' id='par_1_9' title="bbox 514 1879 2056 2385">
     <span class='ocr_line' id='line_1_43' title="bbox 514 1879 2053 1974; baseline -0.01 -13"><span class='ocrx_word' id='word_1_135' title='bbox 514 1888 719 1972; x_wconf 83' lang='lat' dir='ltr'><strong>inchibemus‚</strong></span> <span class='ocrx_word' id='word_1_136' title='bbox 751 1906 791 1956; x_wconf 89' lang='lat' dir='ltr'><strong>ne</strong></span> <span class='ocrx_word' id='word_1_137' title='bbox 816 1889 850 1956; x_wconf 95' lang='lat' dir='ltr'><strong>in</strong></span> <span class='ocrx_word' id='word_1_138' title='bbox 876 1889 945 1974; x_wconf 88' lang='lat' dir='ltr'><strong>ipsa</strong></span> <span class='ocrx_word' id='word_1_139' title='bbox 965 1889 1097 1956; x_wconf 87' lang='lat' dir='ltr'><strong>ecclesia</strong></span> <span class='ocrx_word' id='word_1_140' title='bbox 1119 1887 1169 1956; x_wconf 83' lang='lat' dir='ltr'><strong>vel</strong></span> <span class='ocrx_word' id='word_1_141' title='bbox 1198 1888 1231 1955; x_wconf 91' lang='lat' dir='ltr'><strong>in</strong></span> <span class='ocrx_word' id='word_1_142' title='bbox 1259 1887 1330 1954; x_wconf 87' lang='lat' dir='ltr'><strong>aliis</strong></span> <span class='ocrx_word' id='word_1_143' title='bbox 1351 1886 1579 1971; x_wconf 88' lang='lat' dir='ltr'><strong>episcopalibus</strong></span> <span class='ocrx_word' id='word_1_144' title='bbox 1601 1883 1740 1952; x_wconf 81' lang='lat' dir='ltr'><strong>ecclesiis</strong></span> <span class='ocrx_word' id='word_1_145' title='bbox 1764 1889 1819 1950; x_wconf 87' lang='lat' dir='ltr'><strong>tue</strong></span> <span class='ocrx_word' id='word_1_146' title='bbox 1844 1879 2053 1949; x_wconf 87' lang='lat' dir='ltr'><strong>iurisdictioni</strong></span> 
     </span>
     <span class='ocr_line' id='line_1_44' title="bbox 514 1983 2055 2078; baseline -0.01 -13"><span class='ocrx_word' id='word_1_147' title='bbox 514 1991 695 2074; x_wconf 78' lang='lat' dir='ltr'><strong>amnissis,</strong></span> <span class='ocrx_word' id='word_1_148' title='bbox 727 2009 785 2074; x_wconf 93' lang='lat' dir='ltr'><strong>per</strong></span> <span class='ocrx_word' id='word_1_149' title='bbox 812 1991 984 2059; x_wconf 87' lang='lat' dir='ltr'><strong>secularem</strong></span> <span class='ocrx_word' id='word_1_150' title='bbox 1013 1997 1204 2078; x_wconf 83' lang='lat' dir='ltr'><strong>potestatam</strong></span> <span class='ocrx_word' id='word_1_151' title='bbox 1230 1989 1380 2057; x_wconf 88' lang='lat' dir='ltr'><strong>beneficia</strong></span> <span class='ocrx_word' id='word_1_152' title='bbox 1405 1989 1616 2056; x_wconf 86' lang='lat' dir='ltr'><strong>ecclesiastica</strong></span> <span class='ocrx_word' id='word_1_153' title='bbox 1642 1986 1683 2055; x_wconf 88' lang='lat' dir='ltr'><strong>de</strong></span> <span class='ocrx_word' id='word_1_154' title='bbox 1711 1992 1817 2054; x_wconf 82' lang='lat' dir='ltr'><strong>cetero</strong></span> <span class='ocrx_word' id='word_1_155' title='bbox 1845 1983 2055 2064; x_wconf 82' lang='lat' dir='ltr'><strong>conterantur,</strong></span> 
     </span>
     <span class='ocr_line' id='line_1_45' title="bbox 514 2085 2056 2175; baseline -0.01 -8"><span class='ocrx_word' id='word_1_156' title='bbox 514 2115 583 2167; x_wconf 86' lang='lat' dir='ltr'><strong>curn</strong></span> <span class='ocrx_word' id='word_1_157' title='bbox 604 2094 678 2163; x_wconf 87' lang='lat' dir='ltr'><strong>telis</strong></span> <span class='ocrx_word' id='word_1_158' title='bbox 699 2093 825 2162; x_wconf 90' lang='lat' dir='ltr'><strong>collatio</strong></span> <span class='ocrx_word' id='word_1_159' title='bbox 846 2094 1012 2163; x_wconf 86' lang='lat' dir='ltr'><strong>manifeste</strong></span> <span class='ocrx_word' id='word_1_160' title='bbox 1029 2094 1128 2163; x_wconf 77' lang='lat' dir='ltr'><strong>socna</strong></span> <span class='ocrx_word' id='word_1_161' title='bbox 1149 2093 1255 2162; x_wconf 82' lang='lat' dir='ltr'><strong>obviet</strong></span> <span class='ocrx_word' id='word_1_162' title='bbox 1275 2092 1440 2160; x_wconf 81' lang='lat' dir='ltr'><strong>institutis</strong></span> <span class='ocrx_word' id='word_1_163' title='bbox 1484 2090 1573 2159; x_wconf 85' lang='lat' dir='ltr'><strong>Nulli</strong></span> <span class='ocrx_word' id='word_1_164' title='bbox 1600 2107 1675 2175; x_wconf 70' lang='lat' dir='ltr'><strong>cmo</strong></span> <span class='ocrx_word' id='word_1_165' title='bbox 1704 2095 1791 2169; x_wconf 80' lang='lat' dir='ltr'><strong>(etc.)</strong></span> <span class='ocrx_word' id='word_1_166' title='bbox 1813 2093 1921 2156; x_wconf 88' lang='lat' dir='ltr'><strong>nostre</strong></span> <span class='ocrx_word' id='word_1_167' title='bbox 1940 2085 2056 2153; x_wconf 87' lang='lat' dir='ltr'><strong>inhibi-</strong></span> 
     </span>
     <span class='ocr_line' id='line_1_46' title="bbox 514 2186 2056 2283; baseline -0.008 -14"><span class='ocrx_word' id='word_1_168' title='bbox 514 2198 608 2269; x_wconf 85' lang='lat' dir='ltr'><strong>tionla</strong></span> <span class='ocrx_word' id='word_1_169' title='bbox 628 2204 722 2278; x_wconf 84' lang='lat' dir='ltr'><strong>(etc).</strong></span> <span class='ocrx_word' id='word_1_170' title='bbox 744 2195 780 2265; x_wconf 82' lang='lat' dir='ltr'><strong>Si</strong></span> <span class='ocrx_word' id='word_1_171' title='bbox 800 2197 872 2283; x_wconf 88' lang='lat' dir='ltr'><strong>quis</strong></span> <span class='ocrx_word' id='word_1_172' title='bbox 893 2203 1001 2267; x_wconf 82' lang='lat' dir='ltr'><strong>autam</strong></span> <span class='ocrx_word' id='word_1_173' title='bbox 1022 2205 1115 2278; x_wconf 68' lang='lat' dir='ltr'><strong>(etc).</strong></span> <span class='ocrx_word' id='word_1_174' title='bbox 1160 2196 1279 2266; x_wconf 83' lang='lat' dir='ltr'><strong>ilatum</strong></span> <span class='ocrx_word' id='word_1_175' title='bbox 1299 2195 1398 2265; x_wconf 81' lang='lat' dir='ltr'><strong>Roma</strong></span> <span class='ocrx_word' id='word_1_176' title='bbox 1417 2193 1503 2281; x_wconf 87' lang='lat' dir='ltr'><strong>apud</strong></span> <span class='ocrx_word' id='word_1_177' title='bbox 1522 2198 1668 2278; x_wconf 73' lang='lat' dir='ltr'><strong>motum</strong></span> <span class='ocrx_word' id='word_1_178' title='bbox 1695 2191 1826 2261; x_wconf 84' lang='lat' dir='ltr'><strong>Petrum</strong></span> <span class='ocrx_word' id='word_1_179' title='bbox 1846 2195 1959 2276; x_wconf 83' lang='lat' dir='ltr'><strong>quarto</strong></span> <span class='ocrx_word' id='word_1_180' title='bbox 1980 2186 2056 2256; x_wconf 87' lang='lat' dir='ltr'><strong>Idus</strong></span> 
     </span>
     <span class='ocr_line' id='line_1_47' title="bbox 514 2300 1745 2385; baseline -0.013 -13"><span class='ocrx_word' id='word_1_181' title='bbox 514 2300 662 2385; x_wconf 71' lang='lat' dir='ltr'><strong>imnodi</strong></span> <span class='ocrx_word' id='word_1_182' title='bbox 683 2317 767 2369; x_wconf 92' lang='lat' dir='ltr'><strong>anno</strong></span> <span class='ocrx_word' id='word_1_183' title='bbox 792 2317 885 2369; x_wconf 90' lang='lat' dir='ltr'><strong>nono.</strong></span> <span class='ocrx_word' id='word_1_184' title='bbox 1356 2307 1359 2313; x_wconf 85' lang='lat'>·</span> <span class='ocrx_word' id='word_1_185' title='bbox 1742 2348 1745 2356; x_wconf 78' lang='grc'><strong><em>,</em></strong></span> 
     </span>
    </p>
   </div>
   <div class='ocr_carea' id='block_1_10' title="bbox 1197 2594 1373 2688">
    <p class='ocr_par' dir='ltr' id='par_1_10' title="bbox 1197 2594 1373 2688">
     <span class='ocr_line' id='line_1_48' title="bbox 1197 2594 1373 2688; baseline 0 -1"><span class='ocrx_word' id='word_1_186' title='bbox 1197 2599 1273 2688; x_wconf 82' lang='lat' dir='ltr'><strong>Nr.</strong></span> <span class='ocrx_word' id='word_1_187' title='bbox 1302 2594 1373 2687; x_wconf 79' lang='lat'><strong>58.</strong></span> 
     </span>
    </p>
   </div>
   <div class='ocr_carea' id='block_1_11' title="bbox 613 2743 2099 2902">
    <p class='ocr_par' dir='ltr' id='par_1_11' title="bbox 613 2743 2099 2902">
     <span class='ocr_line' id='line_1_49' title="bbox 613 2743 2099 2902; baseline 0 -21"><span class='ocrx_word' id='word_1_188' title='bbox 613 2743 854 2882; x_wconf 75' lang='lat' dir='ltr'><strong>Innocentius</strong></span> <span class='ocrx_word' id='word_1_189' title='bbox 880 2795 944 2902; x_wconf 85' lang='lat' dir='ltr'><strong>Pp.</strong></span> <span class='ocrx_word' id='word_1_190' title='bbox 969 2797 1035 2881; x_wconf 91' lang='lat'><strong>111</strong></span> <span class='ocrx_word' id='word_1_191' title='bbox 1060 2801 1199 2882; x_wconf 80' lang='lat'>1207</span> <span class='ocrx_word' id='word_1_192' title='bbox 1216 2797 1302 2884; x_wconf 85' lang='lat' dir='ltr'><strong>ian</strong></span> <span class='ocrx_word' id='word_1_193' title='bbox 1328 2803 1403 2896; x_wconf 92' lang='lat'><strong>10,</strong></span> <span class='ocrx_word' id='word_1_194' title='bbox 1422 2795 1540 2880; x_wconf 62' lang='lat' dir='ltr'><strong>&#39;Mne</strong></span> <span class='ocrx_word' id='word_1_195' title='bbox 1566 2793 1666 2900; x_wconf 86' lang='lat' dir='ltr'><strong>apud</strong></span> <span class='ocrx_word' id='word_1_196' title='bbox 1691 2793 1902 2897; x_wconf 71' lang='lat' dir='ltr'><strong>aPotrumt</strong></span> <span class='ocrx_word' id='word_1_197' title='bbox 1934 2808 2056 2881; x_wconf 71' lang='lat' dir='ltr'><strong>mutuo</strong></span> <span class='ocrx_word' id='word_1_198' title='bbox 2093 2835 2099 2872; x_wconf 75' lang='lat'>÷</span> 
     </span>
    </p>
   </div>
   <div class='ocr_carea' id='block_1_12' title="bbox 514 2915 2055 3211">
    <p class='ocr_par' dir='ltr' id='par_1_12' title="bbox 514 2915 2055 3211">
     <span class='ocr_line' id='line_1_50' title="bbox 514 2915 2055 3005; baseline -0.001 -18"><span class='ocrx_word' id='word_1_199' title='bbox 514 2916 744 3003; x_wconf 65' lang='lat' dir='ltr'><strong>achiepiscope</strong></span> <span class='ocrx_word' id='word_1_200' title='bbox 758 2916 936 2986; x_wconf 72' lang='lat' dir='ltr'><strong>Gomnensi</strong></span> <span class='ocrx_word' id='word_1_201' title='bbox 949 2916 1140 3005; x_wconf 81' lang='lat' dir='ltr'><strong>potestatem</strong></span> <span class='ocrx_word' id='word_1_202' title='bbox 1154 2919 1275 2990; x_wconf 84' lang='lat' dir='ltr'><strong>terendi</strong></span> <span class='ocrx_word' id='word_1_203' title='bbox 1289 2920 1470 2989; x_wconf 75' lang='lat' dir='ltr'><strong>arontam</strong></span> <span class='ocrx_word' id='word_1_204' title='bbox 1488 2935 1651 2987; x_wconf 76' lang='lat' dir='ltr'><strong>cemorani</strong></span> <span class='ocrx_word' id='word_1_205' title='bbox 1668 2916 1704 2984; x_wconf 93' lang='lat' dir='ltr'><strong>in</strong></span> <span class='ocrx_word' id='word_1_206' title='bbox 1719 2915 1833 2987; x_wconf 90' lang='lat' dir='ltr'><strong>ducem</strong></span> <span class='ocrx_word' id='word_1_207' title='bbox 1846 2915 2055 2985; x_wconf 79' lang='lat' dir='ltr'><strong>wladislaum</strong></span> 
     </span>
     <span class='ocr_line' id='line_1_51' title="bbox 514 3019 1630 3108; baseline 0.001 -17"><span class='ocrx_word' id='word_1_208' title='bbox 514 3038 552 3091; x_wconf 81' lang='lat' dir='ltr'><strong>ec</strong></span> <span class='ocrx_word' id='word_1_209' title='bbox 567 3019 707 3090; x_wconf 71' lang='lat' dir='ltr'><strong>arura</strong></span> <span class='ocrx_word' id='word_1_210' title='bbox 728 3020 838 3105; x_wconf 86' lang='lat' dir='ltr'><strong>ipsius,</strong></span> <span class='ocrx_word' id='word_1_211' title='bbox 859 3021 921 3088; x_wconf 90' lang='lat' dir='ltr'><strong>nisi</strong></span> <span class='ocrx_word' id='word_1_212' title='bbox 941 3022 1137 3108; x_wconf 85' lang='lat' dir='ltr'><strong>resipiscent</strong></span> <span class='ocrx_word' id='word_1_213' title='bbox 1624 3053 1630 3063; x_wconf 95' lang='lat'><strong>·</strong></span> 
     </span>
     <span class='ocr_line' id='line_1_52' title="bbox 615 3121 1689 3211; baseline -0.001 -20"><span class='ocrx_word' id='word_1_214' title='bbox 615 3121 790 3206; x_wconf 66' lang='lat' dir='ltr'><strong>atquem</strong></span> <span class='ocrx_word' id='word_1_215' title='bbox 806 3133 837 3192; x_wconf 77' lang='lat' dir='ltr'><strong>a</strong></span> <span class='ocrx_word' id='word_1_216' title='bbox 857 3128 900 3190; x_wconf 71' lang='lat' dir='ltr'><strong>a</strong></span> <span class='ocrx_word' id='word_1_217' title='bbox 925 3128 1017 3192; x_wconf 71' lang='lat' dir='ltr'><strong>mar.</strong></span> <span class='ocrx_word' id='word_1_218' title='bbox 1047 3129 1231 3211; x_wconf 64' lang='lat' dir='ltr'><strong>asponae,</strong></span> <span class='ocrx_word' id='word_1_219' title='bbox 1252 3129 1378 3194; x_wconf 73' lang='lat' dir='ltr'><strong>comae</strong></span> <span class='ocrx_word' id='word_1_220' title='bbox 1397 3135 1456 3194; x_wconf 73' lang='lat' dir='ltr'><strong>aa.</strong></span> <span class='ocrx_word' id='word_1_221' title='bbox 1479 3127 1528 3203; x_wconf 83' lang='lat' dir='ltr'><strong>rr,</strong></span> <span class='ocrx_word' id='word_1_222' title='bbox 1544 3145 1579 3209; x_wconf 71' lang='lat' dir='ltr'><strong>p.</strong></span> <span class='ocrx_word' id='word_1_223' title='bbox 1600 3125 1689 3190; x_wconf 78' lang='lat' dir='ltr'><strong>cora</strong></span> 
     </span>
    </p>
   </div>
   <div class='ocr_carea' id='block_1_13' title="bbox 615 3311 2056 3401">
    <p class='ocr_par' dir='ltr' id='par_1_13' title="bbox 615 3311 2056 3401">
     <span class='ocr_line' id='line_1_53' title="bbox 615 3311 2056 3401; baseline -0.001 -19"><span class='ocrx_word' id='word_1_224' title='bbox 615 3360 624 3382; x_wconf 90' lang='lat'><strong>.</strong></span> <span class='ocrx_word' id='word_1_225' title='bbox 646 3362 656 3381; x_wconf 90' lang='lat'><strong>.</strong></span> <span class='ocrx_word' id='word_1_226' title='bbox 676 3311 854 3382; x_wconf 68' lang='lat' dir='ltr'><strong>Gomnensi</strong></span> <span class='ocrx_word' id='word_1_227' title='bbox 874 3311 1115 3400; x_wconf 79' lang='lat' dir='ltr'><strong>metuepismpo.</strong></span> <span class='ocrx_word' id='word_1_228' title='bbox 1149 3312 1230 3382; x_wconf 79' lang='lat' dir='ltr'><strong>Cum</strong></span> <span class='ocrx_word' id='word_1_229' title='bbox 1251 3319 1308 3383; x_wconf 87' lang='lat' dir='ltr'><strong>tua</strong></span> <span class='ocrx_word' id='word_1_230' title='bbox 1320 3333 1378 3401; x_wconf 94' lang='lat' dir='ltr'><strong>pro</strong></span> <span class='ocrx_word' id='word_1_231' title='bbox 1391 3318 1425 3384; x_wconf 88' lang='lat' dir='ltr'><strong>ta</strong></span> <span class='ocrx_word' id='word_1_232' title='bbox 1437 3313 1609 3399; x_wconf 88' lang='lat' dir='ltr'><strong>loquantur</strong></span> <span class='ocrx_word' id='word_1_233' title='bbox 1621 3331 1719 3399; x_wconf 89' lang='lat' dir='ltr'><strong>opera</strong></span> <span class='ocrx_word' id='word_1_234' title='bbox 1731 3311 1956 3395; x_wconf 64' lang='lat' dir='ltr'><strong>tatirnomum,</strong></span> <span class='ocrx_word' id='word_1_235' title='bbox 1970 3311 2056 3398; x_wconf 83' lang='lat' dir='ltr'><strong>quod</strong></span> 
     </span>
    </p>
   </div>
   <div class='ocr_carea' id='block_1_14' title="bbox 380 3417 2057 3513">
    <p class='ocr_par' dir='ltr' id='par_1_14' title="bbox 380 3417 2057 3513">
     <span class='ocr_line' id='line_1_54' title="bbox 380 3417 2057 3513; baseline -0.001 -28"><span class='ocrx_word' id='word_1_236' title='bbox 380 3498 383 3503; x_wconf 37' lang='grc'>,</span> <span class='ocrx_word' id='word_1_237' title='bbox 514 3420 688 3502; x_wconf 83' lang='lat' dir='ltr'><strong>promptam</strong></span> <span class='ocrx_word' id='word_1_238' title='bbox 708 3417 792 3502; x_wconf 77' lang='lat' dir='ltr'><strong>geria</strong></span> <span class='ocrx_word' id='word_1_239' title='bbox 812 3417 846 3485; x_wconf 89' lang='lat' dir='ltr'><strong>in</strong></span> <span class='ocrx_word' id='word_1_240' title='bbox 866 3417 935 3502; x_wconf 81' lang='lat' dir='ltr'><strong>lege</strong></span> <span class='ocrx_word' id='word_1_241' title='bbox 955 3417 1083 3486; x_wconf 85' lang='lat' dir='ltr'><strong>Domini</strong></span> <span class='ocrx_word' id='word_1_242' title='bbox 1096 3417 1301 3501; x_wconf 82' lang='lat' dir='ltr'><strong>uoluntatem,</strong></span> <span class='ocrx_word' id='word_1_243' title='bbox 1322 3425 1360 3513; x_wconf 79' lang='lat' dir='ltr'><strong>ut</strong></span> <span class='ocrx_word' id='word_1_244' title='bbox 1378 3417 1557 3486; x_wconf 71' lang='lat' dir='ltr'><strong>nmmum</strong></span> <span class='ocrx_word' id='word_1_245' title='bbox 1569 3417 1821 3493; x_wconf 70' lang='lat' dir='ltr'><strong>materiariam,</strong></span> <span class='ocrx_word' id='word_1_246' title='bbox 1839 3434 1897 3502; x_wconf 86' lang='lat' dir='ltr'><strong>pro</strong></span> <span class='ocrx_word' id='word_1_247' title='bbox 1910 3434 2057 3502; x_wconf 81' lang='lat' dir='ltr'><strong>qnaape·</strong></span> 
     </span>
    </p>
   </div>
   <div class='ocr_carea' id='block_1_15' title="bbox 514 3518 2057 3710">
    <p class='ocr_par' dir='ltr' id='par_1_15' title="bbox 514 3518 2057 3710">
     <span class='ocr_line' id='line_1_55' title="bbox 515 3518 2057 3609; baseline 0 -22"><span class='ocrx_word' id='word_1_248' title='bbox 515 3518 635 3588; x_wconf 78' lang='lat' dir='ltr'><strong>dalltar</strong></span> <span class='ocrx_word' id='word_1_249' title='bbox 666 3521 750 3588; x_wconf 91' lang='lat' dir='ltr'><strong>lnter</strong></span> <span class='ocrx_word' id='word_1_250' title='bbox 780 3521 1017 3607; x_wconf 87' lang='lat' dir='ltr'><strong>circumpositos</strong></span> <span class='ocrx_word' id='word_1_251' title='bbox 1043 3521 1102 3590; x_wconf 92' lang='lat' dir='ltr'><strong>tibi</strong></span> <span class='ocrx_word' id='word_1_252' title='bbox 1127 3523 1268 3609; x_wconf 85' lang='lat' dir='ltr'><strong>praeulas</strong></span> <span class='ocrx_word' id='word_1_253' title='bbox 1296 3521 1382 3590; x_wconf 86' lang='lat' dir='ltr'><strong>Dens</strong></span> <span class='ocrx_word' id='word_1_254' title='bbox 1411 3519 1550 3589; x_wconf 87' lang='lat' dir='ltr'><strong>creditur</strong></span> <span class='ocrx_word' id='word_1_255' title='bbox 1580 3526 1671 3588; x_wconf 77' lang='lat' dir='ltr'><strong>mum</strong></span> <span class='ocrx_word' id='word_1_256' title='bbox 1701 3520 1849 3606; x_wconf 90' lang='lat' dir='ltr'><strong>spiritum</strong></span> <span class='ocrx_word' id='word_1_257' title='bbox 1876 3520 2057 3602; x_wconf 72' lang='lat' dir='ltr'><strong>snadtasse,</strong></span> 
     </span>
     <span class='ocr_line' id='line_1_56' title="bbox 514 3620 2057 3710; baseline -0.001 -19"><span class='ocrx_word' id='word_1_258' title='bbox 514 3620 635 3706; x_wconf 81' lang='lat' dir='ltr'><strong>plerdm</strong></span> <span class='ocrx_word' id='word_1_259' title='bbox 654 3623 756 3708; x_wconf 89' lang='lat' dir='ltr'><strong>possis</strong></span> <span class='ocrx_word' id='word_1_260' title='bbox 774 3623 843 3709; x_wconf 92' lang='lat' dir='ltr'><strong>ipso</strong></span> <span class='ocrx_word' id='word_1_261' title='bbox 863 3624 1033 3693; x_wconf 83' lang='lat' dir='ltr'><strong>adiuvante</strong></span> <span class='ocrx_word' id='word_1_262' title='bbox 1053 3624 1233 3693; x_wconf 83' lang='lat' dir='ltr'><strong>defendere:</strong></span> <span class='ocrx_word' id='word_1_263' title='bbox 1261 3623 1428 3710; x_wconf 79' lang='lat' dir='ltr'><strong>specialem</strong></span> <span class='ocrx_word' id='word_1_264' title='bbox 1456 3623 1679 3691; x_wconf 85' lang='lat' dir='ltr'><strong>auctoritatam</strong></span> <span class='ocrx_word' id='word_1_265' title='bbox 1700 3642 1721 3692; x_wconf 88' lang='lat' dir='ltr'><strong>a</strong></span> <span class='ocrx_word' id='word_1_266' title='bbox 1742 3622 1833 3691; x_wconf 88' lang='lat' dir='ltr'><strong>nobis</strong></span> <span class='ocrx_word' id='word_1_267' title='bbox 1853 3623 1982 3708; x_wconf 77' lang='lat' dir='ltr'><strong>dignum</strong></span> <span class='ocrx_word' id='word_1_268' title='bbox 1999 3621 2057 3690; x_wconf 90' lang='lat' dir='ltr'><strong>du·</strong></span> 
     </span>
    </p>
   </div>
   <div class='ocr_carea' id='block_1_16' title="bbox 506 3723 2057 3813">
    <p class='ocr_par' dir='ltr' id='par_1_16' title="bbox 506 3723 2057 3813">
     <span class='ocr_line' id='line_1_57' title="bbox 506 3723 2057 3813; baseline 0.001 -21"><span class='ocrx_word' id='word_1_269' title='bbox 506 3723 616 3793; x_wconf 76' lang='lat' dir='ltr'><strong>nimus</strong></span> <span class='ocrx_word' id='word_1_270' title='bbox 636 3730 668 3794; x_wconf 83' lang='lat' dir='ltr'><strong>ta</strong></span> <span class='ocrx_word' id='word_1_271' title='bbox 687 3725 829 3809; x_wconf 65' lang='lat' dir='ltr'><strong>habers</strong></span> <span class='ocrx_word' id='word_1_272' title='bbox 856 3726 905 3794; x_wconf 88' lang='lat' dir='ltr'><strong>De</strong></span> <span class='ocrx_word' id='word_1_273' title='bbox 931 3732 988 3795; x_wconf 90' lang='lat' dir='ltr'><strong>tua</strong></span> <span class='ocrx_word' id='word_1_274' title='bbox 1010 3728 1108 3813; x_wconf 83' lang='lat' dir='ltr'><strong>igitur</strong></span> <span class='ocrx_word' id='word_1_275' title='bbox 1132 3726 1329 3812; x_wconf 85' lang='lat' dir='ltr'><strong>providentia</strong></span> <span class='ocrx_word' id='word_1_276' title='bbox 1354 3727 1480 3812; x_wconf 90' lang='lat' dir='ltr'><strong>plenam</strong></span> <span class='ocrx_word' id='word_1_277' title='bbox 1497 3725 1643 3794; x_wconf 85' lang='lat' dir='ltr'><strong>fiduciam</strong></span> <span class='ocrx_word' id='word_1_278' title='bbox 1668 3725 1847 3794; x_wconf 81' lang='lat' dir='ltr'><strong>obtinentes</strong></span> <span class='ocrx_word' id='word_1_279' title='bbox 1867 3726 2057 3794; x_wconf 86' lang='lat' dir='ltr'><strong>auctoritate</strong></span> 
     </span>
    </p>
   </div>
   <div class='ocr_carea' id='block_1_17' title="bbox 514 3823 2082 4327">
    <p class='ocr_par' dir='ltr' id='par_1_17' title="bbox 514 3823 2082 4327">
     <span class='ocr_line' id='line_1_58' title="bbox 515 3823 2058 3915; baseline 0.002 -21"><span class='ocrx_word' id='word_1_280' title='bbox 515 3823 571 3894; x_wconf 84' lang='lat' dir='ltr'><strong>nu</strong></span> <span class='ocrx_word' id='word_1_281' title='bbox 591 3830 784 3913; x_wconf 83' lang='lat' dir='ltr'><strong>presentium</strong></span> <span class='ocrx_word' id='word_1_282' title='bbox 801 3829 990 3898; x_wconf 80' lang='lat' dir='ltr'><strong>conferimus</strong></span> <span class='ocrx_word' id='word_1_283' title='bbox 1010 3835 1210 3914; x_wconf 82' lang='lat' dir='ltr'><strong>potestatem,</strong></span> <span class='ocrx_word' id='word_1_284' title='bbox 1238 3836 1277 3897; x_wconf 91' lang='lat' dir='ltr'><strong>ut</strong></span> <span class='ocrx_word' id='word_1_285' title='bbox 1296 3830 1357 3896; x_wconf 87' lang='lat' dir='ltr'><strong>nisi</strong></span> <span class='ocrx_word' id='word_1_286' title='bbox 1377 3828 1491 3896; x_wconf 88' lang='lat' dir='ltr'><strong>nobilis</strong></span> <span class='ocrx_word' id='word_1_287' title='bbox 1508 3830 1557 3896; x_wconf 83' lang='lat' dir='ltr'><strong>vir</strong></span> <span class='ocrx_word' id='word_1_288' title='bbox 1574 3828 1639 3897; x_wconf 87' lang='lat' dir='ltr'><strong>dur</strong></span> <span class='ocrx_word' id='word_1_289' title='bbox 1663 3828 1844 3896; x_wconf 80' lang='lat' dir='ltr'><strong>vladislaus</strong></span> <span class='ocrx_word' id='word_1_290' title='bbox 1864 3828 1980 3897; x_wconf 82' lang='lat' dir='ltr'><strong>affectu</strong></span> <span class='ocrx_word' id='word_1_291' title='bbox 2000 3847 2058 3915; x_wconf 87' lang='lat' dir='ltr'><strong>pcr</strong></span> 
     </span>
     <span class='ocr_line' id='line_1_59' title="bbox 515 3931 2058 4017; baseline 0.003 -22"><span class='ocrx_word' id='word_1_292' title='bbox 515 3931 547 3995; x_wconf 87' lang='lat' dir='ltr'><strong>te</strong></span> <span class='ocrx_word' id='word_1_293' title='bbox 566 3935 696 4014; x_wconf 86' lang='lat' dir='ltr'><strong>paterno</strong></span> <span class='ocrx_word' id='word_1_294' title='bbox 717 3933 934 4016; x_wconf 87' lang='lat' dir='ltr'><strong>commonitus,</strong></span> <span class='ocrx_word' id='word_1_295' title='bbox 956 3933 998 4000; x_wconf 92' lang='lat' dir='ltr'><strong>ab</strong></span> <span class='ocrx_word' id='word_1_296' title='bbox 1013 3933 1142 4000; x_wconf 87' lang='lat' dir='ltr'><strong>ecclesie</strong></span> <span class='ocrx_word' id='word_1_297' title='bbox 1164 3938 1219 4001; x_wconf 90' lang='lat' dir='ltr'><strong>tue</strong></span> <span class='ocrx_word' id='word_1_298' title='bbox 1240 3932 1456 4017; x_wconf 87' lang='lat' dir='ltr'><strong>persecutione</strong></span> <span class='ocrx_word' id='word_1_299' title='bbox 1475 3934 1644 4000; x_wconf 74' lang='lat' dir='ltr'><strong>cosmocmt</strong></span> <span class='ocrx_word' id='word_1_300' title='bbox 1663 3937 1697 4001; x_wconf 89' lang='lat' dir='ltr'><strong>et</strong></span> <span class='ocrx_word' id='word_1_301' title='bbox 1716 3931 1814 3999; x_wconf 89' lang='lat' dir='ltr'><strong>libere</strong></span> <span class='ocrx_word' id='word_1_302' title='bbox 1833 3938 1867 4000; x_wconf 86' lang='lat' dir='ltr'><strong>te</strong></span> <span class='ocrx_word' id='word_1_303' title='bbox 1880 3932 2058 4017; x_wconf 88' lang='lat' dir='ltr'><strong>permiserit</strong></span> 
     </span>
     <span class='ocr_line' id='line_1_60' title="bbox 516 4031 2057 4132; baseline 0.003 -33"><span class='ocrx_word' id='word_1_304' title='bbox 516 4031 691 4114; x_wconf 84' lang='lat' dir='ltr'><strong>pontificale</strong></span> <span class='ocrx_word' id='word_1_305' title='bbox 711 4034 744 4100; x_wconf 93' lang='lat' dir='ltr'><strong>in</strong></span> <span class='ocrx_word' id='word_1_306' title='bbox 765 4036 866 4132; x_wconf 83' lang='lat' dir='ltr'><strong>ipsam</strong></span> <span class='ocrx_word' id='word_1_307' title='bbox 888 4035 1006 4103; x_wconf 89' lang='lat' dir='ltr'><strong>eteius</strong></span> <span class='ocrx_word' id='word_1_308' title='bbox 1027 4036 1170 4104; x_wconf 88' lang='lat' dir='ltr'><strong>subditas</strong></span> <span class='ocrx_word' id='word_1_309' title='bbox 1190 4033 1327 4104; x_wconf 89' lang='lat' dir='ltr'><strong>officium</strong></span> <span class='ocrx_word' id='word_1_310' title='bbox 1350 4053 1513 4104; x_wconf 67' lang='lat' dir='ltr'><strong>mercare:</strong></span> <span class='ocrx_word' id='word_1_311' title='bbox 1540 4042 1607 4102; x_wconf 88' lang='lat' dir='ltr'><strong>tarn</strong></span> <span class='ocrx_word' id='word_1_312' title='bbox 1633 4036 1667 4103; x_wconf 89' lang='lat' dir='ltr'><strong>in</strong></span> <span class='ocrx_word' id='word_1_313' title='bbox 1688 4053 1760 4103; x_wconf 83' lang='lat' dir='ltr'><strong>corn</strong></span> <span class='ocrx_word' id='word_1_314' title='bbox 1778 4053 1874 4119; x_wconf 84' lang='lat' dir='ltr'><strong>quam</strong></span> <span class='ocrx_word' id='word_1_315' title='bbox 1895 4037 2057 4104; x_wconf 80' lang='lat' dir='ltr'><strong>universos</strong></span> 
     </span>
     <span class='ocr_line' id='line_1_61' title="bbox 516 4128 2082 4224; baseline 0.005 -24"><span class='ocrx_word' id='word_1_316' title='bbox 516 4128 652 4203; x_wconf 64' lang='lat' dir='ltr'><strong>statores</strong></span> <span class='ocrx_word' id='word_1_317' title='bbox 674 4137 750 4221; x_wconf 89' lang='lat' dir='ltr'><strong>eius,</strong></span> <span class='ocrx_word' id='word_1_318' title='bbox 773 4144 807 4205; x_wconf 91' lang='lat' dir='ltr'><strong>et</strong></span> <span class='ocrx_word' id='word_1_319' title='bbox 827 4139 899 4207; x_wconf 87' lang='lat' dir='ltr'><strong>illos</strong></span> <span class='ocrx_word' id='word_1_320' title='bbox 917 4139 1013 4207; x_wconf 88' lang='lat' dir='ltr'><strong>etiam</strong></span> <span class='ocrx_word' id='word_1_321' title='bbox 1041 4139 1096 4224; x_wconf 89' lang='lat' dir='ltr'><strong>qui</strong></span> <span class='ocrx_word' id='word_1_322' title='bbox 1125 4139 1256 4207; x_wconf 87' lang='lat' dir='ltr'><strong>ecclesie</strong></span> <span class='ocrx_word' id='word_1_323' title='bbox 1285 4145 1340 4206; x_wconf 90' lang='lat' dir='ltr'><strong>tue</strong></span> <span class='ocrx_word' id='word_1_324' title='bbox 1366 4138 1595 4220; x_wconf 80' lang='lat' dir='ltr'><strong>immaritatas,</strong></span> <span class='ocrx_word' id='word_1_325' title='bbox 1623 4138 1789 4223; x_wconf 87' lang='lat' dir='ltr'><strong>presertim</strong></span> <span class='ocrx_word' id='word_1_326' title='bbox 1813 4138 1987 4223; x_wconf 87' lang='lat' dir='ltr'><strong>dequibus</strong></span> <span class='ocrx_word' id='word_1_327' title='bbox 2007 4146 2058 4208; x_wconf 80' lang='lat' dir='ltr'><strong>aaa</strong></span> <span class='ocrx_word' id='word_1_328' title='bbox 2079 4169 2082 4172; x_wconf 90' lang='lat'><strong>·</strong></span> 
     </span>
     <span class='ocr_line' id='line_1_62' title="bbox 514 4237 2056 4327; baseline 0.004 -23"><span class='ocrx_word' id='word_1_329' title='bbox 514 4237 682 4320; x_wconf 79' lang='lat' dir='ltr'><strong>apostolico</strong></span> <span class='ocrx_word' id='word_1_330' title='bbox 704 4240 865 4326; x_wconf 80' lang='lat' dir='ltr'><strong>privilegio</strong></span> <span class='ocrx_word' id='word_1_331' title='bbox 887 4242 1089 4325; x_wconf 89' lang='lat' dir='ltr'><strong>communita,</strong></span> <span class='ocrx_word' id='word_1_332' title='bbox 1108 4248 1226 4310; x_wconf 87' lang='lat' dir='ltr'><strong>temere</strong></span> <span class='ocrx_word' id='word_1_333' title='bbox 1255 4242 1502 4327; x_wconf 81' lang='lat' dir='ltr'><strong>presumpserint</strong></span> <span class='ocrx_word' id='word_1_334' title='bbox 1529 4240 1657 4324; x_wconf 81' lang='lat' dir='ltr'><strong>uiolare,</strong></span> <span class='ocrx_word' id='word_1_335' title='bbox 1681 4241 1862 4309; x_wconf 71' lang='lat' dir='ltr'><strong>monicum</strong></span> <span class='ocrx_word' id='word_1_336' title='bbox 1883 4242 1942 4309; x_wconf 88' lang='lat' dir='ltr'><strong>tibi</strong></span> <span class='ocrx_word' id='word_1_337' title='bbox 1962 4242 2056 4311; x_wconf 82' lang='lat' dir='ltr'><strong>licoat</strong></span> 
     </span>
    </p>
   </div>
   <div class='ocr_carea' id='block_1_18' title="bbox 400 4341 2057 4431">
    <p class='ocr_par' dir='ltr' id='par_1_18' title="bbox 400 4341 2057 4431">
     <span class='ocr_line' id='line_1_63' title="bbox 400 4341 2057 4431; baseline 0.004 -25"><span class='ocrx_word' id='word_1_338' title='bbox 400 4346 404 4353; x_wconf 86' lang='lat'>&#39;</span> <span class='ocrx_word' id='word_1_339' title='bbox 515 4341 709 4426; x_wconf 76' lang='lat' dir='ltr'><strong>promulgare</strong></span> <span class='ocrx_word' id='word_1_340' title='bbox 730 4346 838 4431; x_wconf 86' lang='lat' dir='ltr'><strong>previa</strong></span> <span class='ocrx_word' id='word_1_341' title='bbox 858 4347 981 4413; x_wconf 89' lang='lat' dir='ltr'><strong>ratione</strong></span> <span class='ocrx_word' id='word_1_342' title='bbox 1002 4365 1180 4428; x_wconf 68' lang='lat' dir='ltr'><strong>censuram</strong></span> <span class='ocrx_word' id='word_1_343' title='bbox 1206 4364 1244 4413; x_wconf 91' lang='lat' dir='ltr'><strong>cc</strong></span> <span class='ocrx_word' id='word_1_344' title='bbox 1271 4345 1475 4428; x_wconf 69' lang='lat' dir='ltr'><strong>mancum,</strong></span> <span class='ocrx_word' id='word_1_345' title='bbox 1506 4363 1601 4429; x_wconf 88' lang='lat' dir='ltr'><strong>quam</strong></span> <span class='ocrx_word' id='word_1_346' title='bbox 1630 4345 1799 4428; x_wconf 87' lang='lat' dir='ltr'><strong>protuleris</strong></span> <span class='ocrx_word' id='word_1_347' title='bbox 1825 4345 1859 4412; x_wconf 91' lang='lat' dir='ltr'><strong>in</strong></span> <span class='ocrx_word' id='word_1_348' title='bbox 1880 4345 2057 4413; x_wconf 85' lang='lat' dir='ltr'><strong>huiusmodi</strong></span> 
     </span>
    </p>
   </div>
   <div class='ocr_carea' id='block_1_19' title="bbox 515 4446 2058 5154">
    <p class='ocr_par' dir='ltr' id='par_1_19' title="bbox 515 4446 2058 5154">
     <span class='ocr_line' id='line_1_64' title="bbox 515 4446 2057 4534; baseline 0.004 -24"><span class='ocrx_word' id='word_1_349' title='bbox 515 4455 569 4523; x_wconf 79' lang='lat' dir='ltr'><strong>lter</strong></span> <span class='ocrx_word' id='word_1_350' title='bbox 589 4446 745 4528; x_wconf 81' lang='lat' dir='ltr'><strong>quoslibet</strong></span> <span class='ocrx_word' id='word_1_351' title='bbox 765 4447 998 4516; x_wconf 89' lang='lat' dir='ltr'><strong>Poloniensium</strong></span> <span class='ocrx_word' id='word_1_352' title='bbox 1019 4449 1221 4517; x_wconf 88' lang='lat' dir='ltr'><strong>ecclesiarum</strong></span> <span class='ocrx_word' id='word_1_353' title='bbox 1238 4450 1400 4534; x_wconf 84' lang='lat' dir='ltr'><strong>episcopos</strong></span> <span class='ocrx_word' id='word_1_354' title='bbox 1421 4455 1456 4516; x_wconf 87' lang='lat' dir='ltr'><strong>at</strong></span> <span class='ocrx_word' id='word_1_355' title='bbox 1475 4448 1625 4534; x_wconf 86' lang='lat' dir='ltr'><strong>prelatos,</strong></span> <span class='ocrx_word' id='word_1_356' title='bbox 1645 4447 1743 4516; x_wconf 67' lang='lat' dir='ltr'><strong>muas</strong></span> <span class='ocrx_word' id='word_1_357' title='bbox 1763 4449 1792 4516; x_wconf 89' lang='lat' dir='ltr'><strong>si</strong></span> <span class='ocrx_word' id='word_1_358' title='bbox 1813 4468 1939 4517; x_wconf 62' lang='lat' dir='ltr'><strong>nemea</strong></span> <span class='ocrx_word' id='word_1_359' title='bbox 1960 4448 2057 4517; x_wconf 82' lang='lat' dir='ltr'><strong>fuerit</strong></span> 
     </span>
     <span class='ocr_line' id='line_1_65' title="bbox 516 4547 2056 4638; baseline 0.005 -25"><span class='ocrx_word' id='word_1_360' title='bbox 516 4555 612 4627; x_wconf 78' lang='lat' dir='ltr'><strong>tuque</strong></span> <span class='ocrx_word' id='word_1_361' title='bbox 632 4547 674 4615; x_wconf 89' lang='lat' dir='ltr'><strong>ad</strong></span> <span class='ocrx_word' id='word_1_362' title='bbox 695 4548 941 4618; x_wconf 77' lang='lat' dir='ltr'><strong>meistactionem</strong></span> <span class='ocrx_word' id='word_1_363' title='bbox 963 4551 1147 4635; x_wconf 76' lang='lat' dir='ltr'><strong>condignam</strong></span> <span class='ocrx_word' id='word_1_364' title='bbox 1168 4551 1390 4620; x_wconf 81' lang='lat' dir='ltr'><strong>mmoubiliter</strong></span> <span class='ocrx_word' id='word_1_365' title='bbox 1410 4550 1580 4634; x_wconf 78' lang='lat' dir='ltr'><strong>obseruari,</strong></span> <span class='ocrx_word' id='word_1_366' title='bbox 1600 4556 1832 4636; x_wconf 85' lang='lat' dir='ltr'><strong>contemptores</strong></span> <span class='ocrx_word' id='word_1_367' title='bbox 1845 4552 2056 4638; x_wconf 89' lang='lat' dir='ltr'><strong>appellatione</strong></span> 
     </span>
     <span class='ocr_line' id='line_1_66' title="bbox 516 4650 2055 4741; baseline 0.005 -26"><span class='ocrx_word' id='word_1_368' title='bbox 516 4650 688 4732; x_wconf 73' lang='lat' dir='ltr'><strong>postposita</strong></span> <span class='ocrx_word' id='word_1_369' title='bbox 713 4652 924 4721; x_wconf 84' lang='lat' dir='ltr'><strong>ecdesiastica</strong></span> <span class='ocrx_word' id='word_1_370' title='bbox 947 4653 1143 4723; x_wconf 90' lang='lat' dir='ltr'><strong>districtione</strong></span> <span class='ocrx_word' id='word_1_371' title='bbox 1167 4655 1314 4739; x_wconf 80' lang='lat' dir='ltr'><strong>mgendo.</strong></span> <span class='ocrx_word' id='word_1_372' title='bbox 1354 4655 1515 4736; x_wconf 88' lang='lat' dir='ltr'><strong>Preterea,</strong></span> <span class='ocrx_word' id='word_1_373' title='bbox 1547 4672 1619 4721; x_wconf 89' lang='lat' dir='ltr'><strong>cum</strong></span> <span class='ocrx_word' id='word_1_374' title='bbox 1647 4655 1797 4734; x_wconf 85' lang='lat' dir='ltr'><strong>nonnulle</strong></span> <span class='ocrx_word' id='word_1_375' title='bbox 1828 4655 1985 4741; x_wconf 85' lang='lat' dir='ltr'><strong>prebende</strong></span> <span class='ocrx_word' id='word_1_376' title='bbox 2016 4673 2055 4722; x_wconf 88' lang='lat' dir='ltr'><strong>ac</strong></span> 
     </span>
     <span class='ocr_line' id='line_1_67' title="bbox 517 4745 2054 4841; baseline 0.008 -26"><span class='ocrx_word' id='word_1_377' title='bbox 517 4758 697 4826; x_wconf 64' lang='lat' dir='ltr'><strong>mesenates</strong></span> <span class='ocrx_word' id='word_1_378' title='bbox 718 4754 751 4821; x_wconf 91' lang='lat' dir='ltr'><strong>in</strong></span> <span class='ocrx_word' id='word_1_379' title='bbox 772 4756 978 4839; x_wconf 88' lang='lat' dir='ltr'><strong>preludicium</strong></span> <span class='ocrx_word' id='word_1_380' title='bbox 1000 4762 1090 4823; x_wconf 91' lang='lat' dir='ltr'><strong>tuum</strong></span> <span class='ocrx_word' id='word_1_381' title='bbox 1110 4776 1168 4824; x_wconf 91' lang='lat' dir='ltr'><strong>seu</strong></span> <span class='ocrx_word' id='word_1_382' title='bbox 1189 4757 1442 4841; x_wconf 84' lang='lat' dir='ltr'><strong>predecessorum</strong></span> <span class='ocrx_word' id='word_1_383' title='bbox 1462 4762 1589 4824; x_wconf 91' lang='lat' dir='ltr'><strong>tuorum</strong></span> <span class='ocrx_word' id='word_1_384' title='bbox 1607 4745 1632 4824; x_wconf 85' lang='lat' dir='ltr'><strong>¹u</strong></span> <span class='ocrx_word' id='word_1_385' title='bbox 1651 4763 1824 4826; x_wconf 88' lang='lat' dir='ltr'><strong>memorata</strong></span> <span class='ocrx_word' id='word_1_386' title='bbox 1847 4758 1927 4827; x_wconf 85' lang='lat' dir='ltr'><strong>duca</strong></span> <span class='ocrx_word' id='word_1_387' title='bbox 1946 4759 2054 4826; x_wconf 88' lang='lat' dir='ltr'><strong>dican·</strong></span> 
     </span>
     <span class='ocr_line' id='line_1_68' title="bbox 517 4849 2058 4947; baseline 0.005 -26"><span class='ocrx_word' id='word_1_388' title='bbox 517 4849 576 4930; x_wconf 71' lang='lat' dir='ltr'><strong>tur,</strong></span> <span class='ocrx_word' id='word_1_389' title='bbox 596 4871 634 4921; x_wconf 92' lang='lat' dir='ltr'><strong>ac</strong></span> <span class='ocrx_word' id='word_1_390' title='bbox 654 4857 749 4924; x_wconf 89' lang='lat' dir='ltr'><strong>etiam</strong></span> <span class='ocrx_word' id='word_1_391' title='bbox 771 4859 838 4925; x_wconf 90' lang='lat' dir='ltr'><strong>eius</strong></span> <span class='ocrx_word' id='word_1_392' title='bbox 859 4865 960 4944; x_wconf 79' lang='lat' dir='ltr'><strong>patre,</strong></span> <span class='ocrx_word' id='word_1_393' title='bbox 979 4864 1090 4927; x_wconf 90' lang='lat' dir='ltr'><strong>contra</strong></span> <span class='ocrx_word' id='word_1_394' title='bbox 1111 4877 1265 4927; x_wconf 70' lang='lat' dir='ltr'><strong>monum</strong></span> <span class='ocrx_word' id='word_1_395' title='bbox 1286 4860 1436 4928; x_wconf 90' lang='lat' dir='ltr'><strong>instituta</strong></span> <span class='ocrx_word' id='word_1_396' title='bbox 1456 4860 1572 4943; x_wconf 78' lang='lat' dir='ltr'><strong>casseti,</strong></span> <span class='ocrx_word' id='word_1_397' title='bbox 1596 4880 1653 4944; x_wconf 90' lang='lat' dir='ltr'><strong>per</strong></span> <span class='ocrx_word' id='word_1_398' title='bbox 1679 4863 1840 4947; x_wconf 89' lang='lat' dir='ltr'><strong>presentia</strong></span> <span class='ocrx_word' id='word_1_399' title='bbox 1859 4861 1918 4929; x_wconf 91' lang='lat' dir='ltr'><strong>tibi</strong></span> <span class='ocrx_word' id='word_1_400' title='bbox 1938 4861 2058 4947; x_wconf 89' lang='lat' dir='ltr'><strong>scripta</strong></span> 
     </span>
     <span class='ocr_line' id='line_1_69' title="bbox 519 4955 2058 5050; baseline 0.005 -25"><span class='ocrx_word' id='word_1_401' title='bbox 519 4955 723 5043; x_wconf 70' lang='lat' dir='ltr'><strong>anemium,</strong></span> <span class='ocrx_word' id='word_1_402' title='bbox 742 4966 781 5027; x_wconf 93' lang='lat' dir='ltr'><strong>ut</strong></span> <span class='ocrx_word' id='word_1_403' title='bbox 809 4962 1006 5031; x_wconf 76' lang='lat' dir='ltr'><strong>colationem</strong></span> <span class='ocrx_word' id='word_1_404' title='bbox 1033 4981 1230 5047; x_wconf 76' lang='lat' dir='ltr'><strong>commacu</strong></span> <span class='ocrx_word' id='word_1_405' title='bbox 1258 4964 1353 5030; x_wconf 91' lang='lat' dir='ltr'><strong>etiam</strong></span> <span class='ocrx_word' id='word_1_406' title='bbox 1378 4963 1600 5032; x_wconf 89' lang='lat' dir='ltr'><strong>alienationem</strong></span> <span class='ocrx_word' id='word_1_407' title='bbox 1625 4983 1881 5050; x_wconf 84' lang='lat' dir='ltr'><strong>quorumcunque</strong></span> <span class='ocrx_word' id='word_1_408' title='bbox 1906 4965 2058 5033; x_wconf 91' lang='lat' dir='ltr'><strong>bonorum</strong></span> 
     </span>
     <span class='ocr_line' id='line_1_70' title="bbox 518 5046 2058 5154; baseline 0.008 -30"><span class='ocrx_word' id='word_1_409' title='bbox 518 5046 549 5114; x_wconf 70' lang='lat'><strong>¹¹¹</strong></span> <span class='ocrx_word' id='word_1_410' title='bbox 570 5058 697 5129; x_wconf 80' lang='lat' dir='ltr'><strong>ecclesie</strong></span> <span class='ocrx_word' id='word_1_411' title='bbox 717 5071 889 5132; x_wconf 85' lang='lat' dir='ltr'><strong>memorate</strong></span> <span class='ocrx_word' id='word_1_412' title='bbox 911 5067 1065 5133; x_wconf 83' lang='lat' dir='ltr'><strong>iacturum</strong></span> <span class='ocrx_word' id='word_1_413' title='bbox 1086 5065 1205 5150; x_wconf 85' lang='lat' dir='ltr'><strong>absque</strong></span> <span class='ocrx_word' id='word_1_414' title='bbox 1231 5085 1383 5134; x_wconf 88' lang='lat' dir='ltr'><strong>consensu</strong></span> <span class='ocrx_word' id='word_1_415' title='bbox 1405 5066 1544 5152; x_wconf 83' lang='lat' dir='ltr'><strong>Capituli</strong></span> <span class='ocrx_word' id='word_1_416' title='bbox 1566 5068 1614 5134; x_wconf 93' lang='lat' dir='ltr'><strong>tui</strong></span> <span class='ocrx_word' id='word_1_417' title='bbox 1630 5068 1757 5151; x_wconf 80' lang='lat' dir='ltr'><strong>iactam,</strong></span> <span class='ocrx_word' id='word_1_418' title='bbox 1787 5068 1846 5136; x_wconf 89' lang='lat' dir='ltr'><strong>tibi</strong></span> <span class='ocrx_word' id='word_1_419' title='bbox 1867 5069 1962 5137; x_wconf 86' lang='lat' dir='ltr'><strong>liceat</strong></span> <span class='ocrx_word' id='word_1_420' title='bbox 1982 5069 2058 5154; x_wconf 75' lang='lat' dir='ltr'><strong>legi·</strong></span> 
     </span>
    </p>
   </div>
   <div class='ocr_carea' id='block_1_20' title="bbox 345 5149 2057 5255">
    <p class='ocr_par' dir='ltr' id='par_1_20' title="bbox 345 5149 2057 5255">
     <span class='ocr_line' id='line_1_71' title="bbox 345 5149 2057 5255; baseline 0.013 -38"><span class='ocrx_word' id='word_1_421' title='bbox 345 5162 351 5173; x_wconf 84' lang='grc'><em>’</em></span> <span class='ocrx_word' id='word_1_422' title='bbox 382 5207 387 5216; x_wconf 95' lang='grc'><strong>.</strong></span> <span class='ocrx_word' id='word_1_423' title='bbox 518 5149 592 5222; x_wconf 84' lang='lat' dir='ltr'><strong>lime</strong></span> <span class='ocrx_word' id='word_1_424' title='bbox 612 5177 766 5248; x_wconf 85' lang='lat' dir='ltr'><strong>revocare,</strong></span> <span class='ocrx_word' id='word_1_425' title='bbox 788 5166 1035 5236; x_wconf 88' lang='lat' dir='ltr'><strong>contradictores</strong></span> <span class='ocrx_word' id='word_1_426' title='bbox 1054 5169 1265 5253; x_wconf 88' lang='lat' dir='ltr'><strong>appellatione</strong></span> <span class='ocrx_word' id='word_1_427' title='bbox 1292 5175 1412 5237; x_wconf 89' lang='lat' dir='ltr'><strong>remota</strong></span> <span class='ocrx_word' id='word_1_428' title='bbox 1440 5189 1497 5255; x_wconf 92' lang='lat' dir='ltr'><strong>per</strong></span> <span class='ocrx_word' id='word_1_429' title='bbox 1522 5188 1685 5238; x_wconf 90' lang='lat' dir='ltr'><strong>censuram</strong></span> <span class='ocrx_word' id='word_1_430' title='bbox 1710 5172 1953 5239; x_wconf 86' lang='lat' dir='ltr'><strong>ecclesiasticum</strong></span> <span class='ocrx_word' id='word_1_431' title='bbox 1975 5190 2057 5239; x_wconf 90' lang='lat' dir='ltr'><strong>com·</strong></span> 
     </span>
    </p>
   </div>
   <div class='ocr_carea' id='block_1_21' title="bbox 518 5261 2057 5460">
    <p class='ocr_par' dir='ltr' id='par_1_21' title="bbox 518 5261 2057 5460">
     <span class='ocr_line' id='line_1_72' title="bbox 518 5261 2057 5359; baseline 0.007 -27"><span class='ocrx_word' id='word_1_432' title='bbox 518 5261 677 5332; x_wconf 62' lang='lat' dir='ltr'><strong>wando.</strong></span> <span class='ocrx_word' id='word_1_433' title='bbox 709 5266 798 5335; x_wconf 87' lang='lat' dir='ltr'><strong>Nulli</strong></span> <span class='ocrx_word' id='word_1_434' title='bbox 818 5288 893 5354; x_wconf 76' lang='lat' dir='ltr'><strong>ergo</strong></span> <span class='ocrx_word' id='word_1_435' title='bbox 915 5276 1001 5349; x_wconf 81' lang='lat' dir='ltr'><strong>(etc.)</strong></span> <span class='ocrx_word' id='word_1_436' title='bbox 1023 5277 1129 5338; x_wconf 83' lang='lat' dir='ltr'><strong>nostru</strong></span> <span class='ocrx_word' id='word_1_437' title='bbox 1148 5272 1357 5340; x_wconf 89' lang='lat' dir='ltr'><strong>concessionis</strong></span> <span class='ocrx_word' id='word_1_438' title='bbox 1379 5279 1476 5353; x_wconf 56' lang='lat' dir='ltr'><strong>(coca.</strong></span> <span class='ocrx_word' id='word_1_439' title='bbox 1519 5272 1647 5359; x_wconf 80' lang='lat' dir='ltr'><strong>siquis</strong></span> <span class='ocrx_word' id='word_1_440' title='bbox 1666 5280 1774 5343; x_wconf 80' lang='lat' dir='ltr'><strong>autam</strong></span> <span class='ocrx_word' id='word_1_441' title='bbox 1800 5281 1896 5355; x_wconf 68' lang='lat' dir='ltr'><strong>(etc).</strong></span> <span class='ocrx_word' id='word_1_442' title='bbox 1938 5274 2057 5343; x_wconf 85' lang='lat' dir='ltr'><strong>Datum</strong></span> 
     </span>
     <span class='ocr_line' id='line_1_73' title="bbox 518 5348 1653 5460; baseline 0.019 -35"><span class='ocrx_word' id='word_1_443' title='bbox 518 5348 612 5429; x_wconf 59' lang='lat' dir='ltr'><strong>Marc</strong></span> <span class='ocrx_word' id='word_1_444' title='bbox 628 5368 712 5451; x_wconf 91' lang='lat' dir='ltr'><strong>apud</strong></span> <span class='ocrx_word' id='word_1_445' title='bbox 733 5379 877 5442; x_wconf 89' lang='lat' dir='ltr'><strong>sunctum</strong></span> <span class='ocrx_word' id='word_1_446' title='bbox 898 5373 1029 5443; x_wconf 88' lang='lat' dir='ltr'><strong>Petrum</strong></span> <span class='ocrx_word' id='word_1_447' title='bbox 1051 5381 1165 5460; x_wconf 85' lang='lat' dir='ltr'><strong>quarto</strong></span> <span class='ocrx_word' id='word_1_448' title='bbox 1186 5375 1262 5443; x_wconf 86' lang='lat' dir='ltr'><strong>Idus</strong></span> <span class='ocrx_word' id='word_1_449' title='bbox 1282 5376 1430 5460; x_wconf 75' lang='lat' dir='ltr'><strong>harad,</strong></span> <span class='ocrx_word' id='word_1_450' title='bbox 1457 5395 1541 5445; x_wconf 87' lang='lat' dir='ltr'><strong>anno</strong></span> <span class='ocrx_word' id='word_1_451' title='bbox 1562 5396 1653 5446; x_wconf 88' lang='lat' dir='ltr'><strong>nono.</strong></span> 
     </span>
    </p>
   </div>
   <div class='ocr_carea' id='block_1_22' title="bbox 1847 5496 1882 5555">
    <p class='ocr_par' dir='ltr' id='par_1_22' title="bbox 1847 5496 1882 5555">
     <span class='ocr_line' id='line_1_74' title="bbox 1847 5496 1882 5555; baseline 0 0"><span class='ocrx_word' id='word_1_452' title='bbox 1847 5496 1882 5555; x_wconf 61' lang='grc'><strong><em>9</em></strong></span> 
     </span>
    </p>
   </div>
   <div class='ocr_carea' id='block_1_23' title="bbox 0 0 2300 6240">
    <p class='ocr_par' dir='ltr' id='par_1_23' title="bbox 0 0 2300 6240">
     <span class='ocr_line' id='line_1_75' title="bbox 0 0 2300 6240; baseline 0 0"><span class='ocrx_word' id='word_1_453' title='bbox 0 0 2300 6240; x_wconf 95' lang='lat' dir='ltr'><strong> </strong></span> 
     </span>
    </p>
   </div>
  </div>
 </body>
</html>
