4574 6240
1874 343 1947 418 119

399 547 480 616 riam
502 544 676 613 literarum.
719 544 903 614 innoteseat
923 546 1020 630 igitur
1045 543 1243 629 presentibus
1269 550 1303 613 et
1323 544 1438 615 tuturis
1464 548 1641 627 presentem
1670 545 1818 629 paginam
1846 543 1950 629 inspe-

405 649 515 730 cuns,
538 647 623 734 quod
644 665 702 715 nos
722 648 902 716 Kanimirus
923 647 1030 715 duna
1044 645 1168 714 inuenta
1183 647 1352 715 clemencia
1364 647 1428 713 dux
1451 644 1598 729 Cupavic,
1621 663 1692 713 cum
1707 665 1811 716 comus
1833 647 1951 734 synon

254 759 259 768 '
399 749 484 820 tilius
504 749 662 835 quondam
684 748 820 818 Simonis
846 751 886 818 de
914 748 1051 817 Lndisch
1076 749 1116 815 H.
1144 751 1338 834 prepositum
1363 749 1404 816 do
1432 747 1559 816 Strelna
1580 765 1638 831 pro
1659 748 1847 832 quuibusdnm
1866 751 1951 820 uillis

400 851 607 934 mennaha
628 852 775 921 uidelicet
798 852 964 936 Cupinino,
987 851 1186 934 Comorowo,
1209 851 1357 919 Ostrotno
1379 859 1413 920 et
1434 850 1559 920 Podabe
1577 869 1683 918 coram
1702 851 1793 920 uobis
1814 856 1848 922 iu
1869 855 1950 922 iudi·

399 956 483 1025 eiuro
503 961 674 1035 euocasse
697 961 731 1022 et
751 955 784 1021 in
807 955 940 1021 termino
962 955 1145 1029 constituto,
1168 956 1288 1022 scilieet
1308 957 1341 1022 in
1363 955 1517 1039 colloquio
1539 955 1579 1021 do
1592 954 1741 1036 Dancon,
1764 954 1951 1042 dictuspre·

398 1057 522 1146 positus
543 1056 701 1126 dominam
723 1056 909 1124 Smislauam
931 1056 1074 1124 cebetem
1097 1056 1254 1139 quondam
1277 1057 1401 1124 comitis
1423 1055 1579 1138 Galeouis,
1610 1076 1649 1125 ex
1669 1058 1757 1125 cuius
1780 1057 1951 1128 collacione

397 1161 509 1230 domus
531 1157 722 1227 Strelueusis
745 1158 841 1226 Helm
863 1176 934 1226 cum
960 1158 1111 1243 predictis
1136 1157 1219 1224 vilhs
1248 1165 1281 1224 et
1303 1157 1375 1253 aliis
1396 1159 1611 1227 adiacentibus
1632 1159 1825 1244 possidebat,
1845 1179 1951 1231 coram

398 1262 489 1333 nobis
510 1263 544 1329 in
562 1247 677 1331 iudicio
698 1262 874 1342 statuisset,
896 1261 1079 1346 supmdicto
1102 1262 1215 1328 comite
1231 1260 1262 1327 S.
1278 1261 1433 1345 sepefatas
1447 1263 1539 1331 uillas
1559 1269 1732 1348 repetente,
1747 1281 1838 1331 soror
1852 1264 1952 1350 ipsius

398 1364 617 1458 prenominata
646 1363 679 1432 S.
709 1371 822 1432 eontra
852 1365 955 1448 ipsum
989 1365 1046 1432 toli
1075 1362 1137 1432 fuit
1163 1365 1349 1450 excepcione
1375 1383 1448 1432 usa:
1482 1367 1558 1450 quin
1582 1373 1674 1450 patre
1695 1366 1794 1450 ipsius
1815 1366 1969 1452 quodam·

398 1475 540 1553 tempore
561 1485 620 1552 pro
641 1466 759 1534 eisdem
781 1465 864 1533 villis
886 1473 997 1534 contra
1018 1467 1119 1550 ipsam
1141 1472 1175 1533 et
1195 1466 1322 1533 domum
1344 1466 1557 1536 Strclneosem
1574 1476 1689 1553 agente
1703 1487 1810 1538 coram
1825 1469 1952 1536 (10οι100

398 1569 568 1640 Mesebone
588 1569 668 1638 duce
688 1568 818 1636 Polonie
839 1574 873 1635 et
893 1573 984 1652 patre
1006 1575 1115 1635 nostro
1135 1568 1261 1635 domino
1291 1566 1439 1635 Conrado
1460 1575 1537 1637 tuac
1565 1571 1645 1639 duce
1669 1571 1812 1640 Manavia
1833 1576 1868 1640 et
1889 1568 1952 1640 Cu·

398 1672 499 1760 yreia
521 1678 555 1740 et
575 1671 691 1739 comite
711 1669 873 1738 christino
894 1677 971 1738 tunc
992 1671 1135 1755 palatino
1158 1671 1257 1754 ipsius
1278 1689 1336 1756 pro
1354 1669 1455 1738 tratre
1477 1680 1658 1756 premortuo
1684 1681 1718 1743 et
1737 1675 1831 1741 domn
1853 1673 1952 1743 Strel-

398 1775 488 1846 ueusi
516 1773 726 1860 respondente
746 1778 781 1840 et
798 1772 948 1857 pro—ipsa
967 1772 1105 1855 domina,
1127 1772 1287 1840 sentencia
1308 1771 1370 1839 tuit
1390 1771 1480 1856 datn;
1502 1774 1596 1858 unde,
1619 1794 1690 1842 cum
1712 1776 1823 1844 melem
1841 1776 1954 1845 domus

399 1878 491 1951 mnis
512 1875 724 1961 quadraginta
745 1880 780 1943 et
799 1892 855 1942 sex
873 1874 998 1942 easdem
1019 1875 1112 1942 villas
1128 1874 1258 1959 pacifice
1273 1880 1306 1942 et
1320 1875 1504 1944 inconcusse
1520 1877 1722 1962 possedisset,
1736 1896 1827 1946 suam
1850 1884 1954 1945 traus-

399 1982 472 2051 ierit
497 1981 532 2049 ia
557 1999 624 2048 rem
652 1978 832 2048 iudicatam
877 1977 944 2046 Nos
964 1996 1039 2063 ergo
1061 1978 1119 2045 tali
1141 1978 1327 2062 exeepcioue
1352 1981 1498 2063 permoti,
1527 1980 1612 2064 patri
1638 1986 1748 2050 nostro
1774 1984 1809 2048 et
1827 1978 1953 2047 domino

399 2083 444 2153 11.
466 2082 613 2169 episeopo
637 2079 836 2165 cnyaviena,
858 2081 908 2148 cui
929 2079 1038 2148 eadem
1060 2098 1156 2148 00000
1183 2080 1268 2148 circa
1296 2087 1420 2165 patrem
1446 2089 1589 2148 nostrum
1612 2088 1688 2150 tunc
1709 2083 1860 2167 temporis
1881 2101 1955 2152 oon-

398 2186 538 2256 rersaoti
558 2184 664 2253 fuerat
685 2183 765 2252 hene
783 2190 870 2265 nota,
891 2201 948 2251 nec
969 2201 1033 2250 nou
1055 2189 1088 2250 et
1109 2182 1202 2250 trahi
1223 2189 1333 2251 nostro
1352 2183 1478 2251 domino
1498 2182 1644 2252 Boleslao
1664 2185 1736 2254 duci
1757 2183 1901 2254 Marone
1922 2190 1956 2253 et

399 2308 507 2359 eanrm
527 2287 698 2357 baronibus
720 2287 804 2354 idem
825 2286 987 2370 negocium
1014 2284 1186 2353 detulimus
1217 2282 1457 2353 terminandum
1503 2284 1583 2356 Cum
1604 2287 1703 2372 igitur
1729 2289 1763 2356 iu
1794 2290 1956 2361 namma

400 2391 577 2481 prlneipum
599 2390 763 2474 presencia
784 2395 891 2474 partes
914 2390 1087 2457 constitute
1109 2405 1196 2455 more
1217 2388 1311 2455 solito
1332 2388 1543 2472 decertarent,
1564 2389 1710 2457 dominus
1731 2396 1766 2459 et
1785 2396 1878 2475 pater
1899 2407 1956 2457 uo·

399 2499 466 2565 ster
487 2512 544 2581 per
562 2511 597 2561 se
617 2499 652 2562 et
673 2511 748 2560 suos
766 2511 939 2561 assessores
958 2494 1140 2583 memoriter
1161 2491 1329 2560 recordans
1350 2510 1446 2577 super
1465 2490 1574 2560 eodem
1588 2493 1717 2577 aegeum
1732 2491 1841 2563 iudicii
1855 2491 1956 2561 habiti

399 2603 435 2667 et
453 2597 613 2666 0001110010
633 2597 718 2678 date,
740 2597 857 2663 iterato
879 2612 936 2679 pro
958 2594 1086 2661 domina
1103 2592 1136 2660 S.
1159 2594 1303 2675 moniali,
1332 2593 1444 2662 relicta
1472 2593 1630 2678 quondam
1653 2594 1776 2663 comitis
1798 2593 1956 2679 Celaenis,

399 2704 434 2769 et
453 2698 548 2767 domo
565 2697 740 2767 Strelueusi
761 2716 825 2783 que
845 2715 884 2764 ex
913 2696 1085 2764 collacione
1113 2697 1212 2780 ipsius
1239 2695 1332 2762 uillas
1358 2697 1499 2780 possidet
1523 2697 1733 2782 supradictas,
1763 2697 1957 2767 smteaoiam

399 2801 488 2871 dedit
508 2808 543 2870 et
563 2801 656 2870 villas
677 2807 861 2886 pretaxatas
882 2799 1074 2867 adiudicavit
1094 2799 1164 2866 iure
1184 2802 1336 2882 perpetuo
1358 2798 1576 2883 possidendam
1603 2801 1655 2869 cni
1677 2802 1724 2869 rei
1745 2818 1804 2868 nos
1825 2817 1955 2869 eonsen-

400 2905 497 2973 timus
519 2911 552 2972 et
573 2904 675 2971 nostri
696 2902 792 2988 sigilli
814 2901 986 2970 munimiae
1015 2900 1254 2967 commuuimus.
1299 2900 1384 2968 Acte
1406 2906 1514 2968 autem
1539 2906 1616 2969 suut
1650 2902 1708 2972 bec
1740 2920 1823 2971 auno
1852 2902 1958 2988 maele

400 3005 528 3074 Domini
549 3003 840 3088 mccxxxvm,
862 3002 1040 3071 Iudiccione
1059 3001 1099 3083 V,
1122 3002 1216 3070 litera
1240 3001 1422 3070 dominicali
1449 3001 1488 3086 E,
1513 3005 1547 3070 in
1568 3003 1620 3073 (110
1643 3003 1958 3074 commemorationis

399 3108 487 3179 beati
507 3109 600 3180 Pauli
627 3111 663 3176 in
690 3109 847 3195 colloquio
868 3109 909 3176 de
930 3106 1067 3175 Dnncow
1090 3123 1196 3173 eoram
1218 3106 1267 3172 his
1295 3105 1444 3174 testibus:
1477 3105 1605 3176 domino
1631 3106 1668 3174 Β.
1695 3107 1776 3177 duce
1803 3105 1957 3188 Mmone,

400 3211 527 3280 (1000100
547 3211 592 3279 Μ.
622 3212 771 3297 episcopo
799 3209 946 3295 Cuyavie,
979 3209 1145 3277 scolastico
1174 3209 1315 3278 Iohanne
1341 3209 1493 3292 Ploceusi,
1515 3209 1648 3278 Alberto
1670 3211 1772 3280 iudice
1791 3211 1887 3293 curie,
1919 3208 1957 3276 B.

402 3313 544 3399 palatim
564 3313 719 3395 11000010,
738 3312 764 3380 1
787 3312 929 3398 palatino
953 3309 1101 3394 cnyavie,
1125 3309 1283 3378 (lstiborio
1301 3311 1472 3380 metebano
1493 3310 1702 3395 meicieusi,
1723 3312 1849 3381 Mathia
1866 3331 1959 3381 0000-

401 3415 473 3484 0100
495 3412 718 3497 crusncieust
749 3413 889 3483 1001000
917 3412 1115 3481 thesaurario
1141 3411 1294 3494 Mazovie,
1328 3412 1446 3481 Lesote
1469 3414 1666 3483 1100000110
1690 3415 1779 3485 ducis
1809 3414 1958 3496 cunradi,

402 3515 554 3586 hilraslao
575 3517 774 3585 thesemnrio
797 3515 945 3602 (luparie,
965 3514 1124 3600 Boguslao
1142 3513 1305 3583 suhiudice
1325 3514 1414 3584 (10010
1437 3515 1484 3599 Ο,
1505 3516 1624 3588 Nasica
1644 3517 1805 3587 suhiudioe
1820 3515 1959 3598 Cuiavie,

401 3617 617 3702 110000000οο0
649 3619 918 3702 subthesauraria,
948 3617 1121 3687 Eustochio
1150 3618 1300 3685 canonico
1331 3616 1585 3686 wladislaviensi
1615 3623 1650 3687 et
1678 3618 1785 3687 Blasio
1811 3618 1960 3687 00000100

402 3719 533 3790 cmlesie
554 3721 712 3804 eiusdem,
739 3720 882 3791 Gernrdo
902 3718 1159 3789 subthesauraria
1180 3720 1269 3789 ducis
1291 3719 1341 3803 K,
1368 3719 1553 3792 Sebastiam
1573 3720 1714 3806 dapifero
1736 3720 1875 3806 episcopi
1898 3718 1962 3787 (lu-

402 3824 502 3908 parie,
524 3831 558 3894 et
579 3825 651 3895 aliis
669 3844 766 3912 quam
784 3825 928 3915 pluribus
946 3826 1001 3910 qui
1023 3824 1125 3893 eidem
1146 3824 1262 3894 1011010
1283 3822 1473 3893 effumunt.

506 4027 657 4113 huohch,
680 4034 841 4102 medeba
865 4031 1002 4115 snelnn
1026 4034 1172 4097 senemr.
1195 4028 1301 4111 110101,
1327 4033 1475 4096 01111000.
1500 4029 1668 4117 capiatne,
1684 4033 1827 4111 Kuplntn
1850 4025 1963 4095 Gomo-
2062 4038 2063 4041 ’

403 4147 497 4209 runo,
520 4137 616 4200 modo
634 4137 751 4200 zallen
787 4133 1100 4217 00100110000010.
1137 4131 1272 4214 Podabc,
1295 4135 1398 4221 prle
1437 4133 1584 4216 1100000,
1610 4130 1755 4200 hadom
1792 4128 1962 4203 Wiodisb·

403 4231 529 4319 omns,
556 4239 595 4304 cu
622 4239 821 4307 erasmo.

974 4492 979 4500 ’
1081 4533 1156 4621 nr.
1190 4528 1289 4620 212.
1396 4537 1398 4540 ’

508 4726 651 4814 Paulus
684 4730 928 4816 Pomnnions.
965 4732 1123 4837 episcop.
1156 4731 1291 4812 1288
1323 4727 1422 4834 aug.
1455 4733 1526 4828 17,
1556 4727 1599 4813 ln
1632 4725 1799 4832 capitulo
1827 4723 1965 4808 Panna·

406 4823 549 4935 11181113
580 4851 726 4920 coneedit
745 4854 936 4921 monasterio
958 4854 998 4921 (10
1020 4851 1193 4921 Tracbnica
1214 4856 1338 4938 partem
1362 4851 1555 4920 decimarum
1576 4849 1616 4918 de
1637 4846 1714 4915 villo
1736 4843 1893 4915 Chociule

510 4955 653 5036 Perpnm.
683 4961 812 5038 orppirn,
835 4976 856 5021 u
877 4955 1003 5038 kldrepo
1016 4955 1090 5043 pifc‘
1111 4959 1245 5040 pierepcl
1262 4957 1518 5036 podhrporootpcd
1542 4957 1774 5035 przprnicszono.
1813 4951 1967 5013 eremesa

408 5053 566 5128 ’101010
585 5058 673 5144 orobp
695 5063 870 5144 drachonnp.
888 5065 994 5141 napis:
1021 5056 1054 5125 S.
1078 5055 1164 5125 Petri
1187 5056 1400 5125 archidiaconi
1419 5053 1661 5134 Poznanieusis3
1694 5057 1796 5134 drapo
1816 5053 1968 5132 Kopitatp

410 5151 633 5238 1000010111,
656 5172 804 5242 (presset
828 5171 918 5234 vlu.)
954 5168 1070 5228 trzccio
1103 5161 1262 5241 anche-asa
1294 5163 1423 5242 serape
1452 5161 1738 5246 mapalwbpepo,
1769 5173 1811 5218 no
1843 5151 1968 5232 ktdrepo

409 5253 493 5332 reno·
511 5261 625 5348 nom,
649 5270 758 5346 napa:
780 5262 926 5349 smum
946 5263 1038 5334 mur
1060 5262 1285 5333 naumann
1307 5261 1392 5351 upa
1424 5268 1558 5331 mr«
1579 5261 1785 5345 nuum
1806 5257 1892 5345 mh
1912 5259 1969 5320 n.
2067 5307 2071 5316 ,

1761 5372 1813 5434 11·
