<?xml version="1.0" encoding="UTF-8"?>
<!DOCTYPE html PUBLIC "-//W3C//DTD XHTML 1.0 Transitional//EN"
    "http://www.w3.org/TR/xhtml1/DTD/xhtml1-transitional.dtd">
<html xmlns="http://www.w3.org/1999/xhtml" xml:lang="en" lang="en">
 <head>
  <title>
</title>
<meta http-equiv="Content-Type" content="text/html;charset=utf-8" />
  <meta name='ocr-system' content='tesseract 3.04.00' />
  <meta name='ocr-capabilities' content='ocr_page ocr_carea ocr_par ocr_line ocrx_word'/>
</head>
<body>
  <div class='ocr_page' id='page_1' title='image "./codexdiplomatic00zakrgoog_0265.png"; bbox 0 0 4574 6240; ppageno 0'>
   <div class='ocr_carea' id='block_1_1' title="bbox 1927 327 1998 424">
    <p class='ocr_par' dir='ltr' id='par_1_1' title="bbox 1927 327 1998 424">
     <span class='ocr_line' id='line_1_1' title="bbox 1927 327 1998 424; baseline 0 0"><span class='ocrx_word' id='word_1_1' title='bbox 1927 327 1998 424; x_wconf 70' lang='lat' dir='ltr'><strong>&#39;tr</strong></span> 
     </span>
    </p>
   </div>
   <div class='ocr_carea' id='block_1_2' title="bbox 430 543 2010 2807">
    <p class='ocr_par' dir='ltr' id='par_1_2' title="bbox 430 543 2010 2807">
     <span class='ocr_line' id='line_1_2' title="bbox 459 543 2003 642; baseline -0.006 -12"><span class='ocrx_word' id='word_1_2' title='bbox 459 583 497 636; x_wconf 81' lang='lat' dir='ltr'><strong>aa</strong></span> <span class='ocrx_word' id='word_1_3' title='bbox 516 558 648 631; x_wconf 86' lang='lat' dir='ltr'><strong>adverse</strong></span> <span class='ocrx_word' id='word_1_4' title='bbox 669 543 863 642; x_wconf 82' lang='lat' dir='ltr'><strong>responsum,</strong></span> <span class='ocrx_word' id='word_1_5' title='bbox 886 555 969 642; x_wconf 89' lang='lat' dir='ltr'><strong>quod</strong></span> <span class='ocrx_word' id='word_1_6' title='bbox 985 562 1094 625; x_wconf 88' lang='lat' dir='ltr'><strong>eontra</strong></span> <span class='ocrx_word' id='word_1_7' title='bbox 1107 554 1356 640; x_wconf 75' lang='lat' dir='ltr'><strong>prosecutionem</strong></span> <span class='ocrx_word' id='word_1_8' title='bbox 1371 552 1544 641; x_wconf 87' lang='lat' dir='ltr'><strong>predictum</strong></span> <span class='ocrx_word' id='word_1_9' title='bbox 1567 553 1662 622; x_wconf 83' lang='lat' dir='ltr'><strong>nichil</strong></span> <span class='ocrx_word' id='word_1_10' title='bbox 1684 551 2003 633; x_wconf 87' lang='lat' dir='ltr'><strong>iueratntteututum‚</strong></span> 
     </span>
     <span class='ocr_line' id='line_1_3' title="bbox 460 656 2006 750; baseline -0.005 -19"><span class='ocrx_word' id='word_1_11' title='bbox 460 684 530 739; x_wconf 84' lang='lat' dir='ltr'><strong>cum</strong></span> <span class='ocrx_word' id='word_1_12' title='bbox 551 666 586 731; x_wconf 92' lang='lat' dir='ltr'><strong>ct</strong></span> <span class='ocrx_word' id='word_1_13' title='bbox 606 659 647 728; x_wconf 94' lang='lat' dir='ltr'><strong>de</strong></span> <span class='ocrx_word' id='word_1_14' title='bbox 667 662 816 729; x_wconf 90' lang='lat' dir='ltr'><strong>canonico</strong></span> <span class='ocrx_word' id='word_1_15' title='bbox 838 661 936 745; x_wconf 89' lang='lat' dir='ltr'><strong>ipsius</strong></span> <span class='ocrx_word' id='word_1_16' title='bbox 958 659 1097 738; x_wconf 76' lang='lat' dir='ltr'>ecclesie,</span> <span class='ocrx_word' id='word_1_17' title='bbox 1121 665 1154 725; x_wconf 89' lang='lat' dir='ltr'><strong>ct</strong></span> <span class='ocrx_word' id='word_1_18' title='bbox 1175 659 1209 724; x_wconf 92' lang='lat' dir='ltr'><strong>in</strong></span> <span class='ocrx_word' id='word_1_19' title='bbox 1228 657 1297 726; x_wconf 92' lang='lat' dir='ltr'><strong>loco</strong></span> <span class='ocrx_word' id='word_1_20' title='bbox 1318 663 1469 726; x_wconf 86' lang='lat' dir='ltr'><strong>consueto</strong></span> <span class='ocrx_word' id='word_1_21' title='bbox 1490 665 1524 725; x_wconf 90' lang='lat' dir='ltr'><strong>et</strong></span> <span class='ocrx_word' id='word_1_22' title='bbox 1545 661 1625 750; x_wconf 65' lang='lat' dir='ltr'><strong>tute,</strong></span> <span class='ocrx_word' id='word_1_23' title='bbox 1647 656 1795 726; x_wconf 84' lang='lat' dir='ltr'><strong>virlelieet</strong></span> <span class='ocrx_word' id='word_1_24' title='bbox 1816 657 1849 724; x_wconf 93' lang='lat' dir='ltr'><strong>in</strong></span> <span class='ocrx_word' id='word_1_25' title='bbox 1871 656 2006 725; x_wconf 85' lang='lat' dir='ltr'><strong>ecclesia</strong></span> 
     </span>
     <span class='ocr_line' id='line_1_4' title="bbox 460 759 2005 846; baseline -0.005 -11"><span class='ocrx_word' id='word_1_26' title='bbox 460 763 631 842; x_wconf 85' lang='lat' dir='ltr'><strong>cathedrali</strong></span> <span class='ocrx_word' id='word_1_27' title='bbox 653 762 764 832; x_wconf 78' lang='lat' dir='ltr'><strong>electio</strong></span> <span class='ocrx_word' id='word_1_28' title='bbox 785 763 944 831; x_wconf 83' lang='lat' dir='ltr'><strong>celebrata</strong></span> <span class='ocrx_word' id='word_1_29' title='bbox 963 762 1084 829; x_wconf 79' lang='lat' dir='ltr'><strong>fuisset.</strong></span> <span class='ocrx_word' id='word_1_30' title='bbox 1108 760 1197 829; x_wconf 82' lang='lat' dir='ltr'><strong>Licet</strong></span> <span class='ocrx_word' id='word_1_31' title='bbox 1215 761 1299 829; x_wconf 90' lang='lat' dir='ltr'><strong>euim</strong></span> <span class='ocrx_word' id='word_1_32' title='bbox 1320 762 1384 829; x_wconf 85' lang='lat' dir='ltr'><strong>dux</strong></span> <span class='ocrx_word' id='word_1_33' title='bbox 1407 761 1438 828; x_wconf 95' lang='lat' dir='ltr'><strong>in</strong></span> <span class='ocrx_word' id='word_1_34' title='bbox 1460 762 1590 830; x_wconf 86' lang='lat' dir='ltr'><strong>civitate</strong></span> <span class='ocrx_word' id='word_1_35' title='bbox 1611 779 1740 846; x_wconf 89' lang='lat' dir='ltr'><strong>presens</strong></span> <span class='ocrx_word' id='word_1_36' title='bbox 1758 761 1913 844; x_wconf 80' lang='lat' dir='ltr'><strong>extiterit,</strong></span> <span class='ocrx_word' id='word_1_37' title='bbox 1935 759 2005 828; x_wconf 90' lang='lat' dir='ltr'><strong>uul-</strong></span> 
     </span>
     <span class='ocr_line' id='line_1_5' title="bbox 461 863 2003 952; baseline -0.006 -10"><span class='ocrx_word' id='word_1_38' title='bbox 461 875 522 942; x_wconf 85' lang='lat' dir='ltr'><strong>lam</strong></span> <span class='ocrx_word' id='word_1_39' title='bbox 544 873 650 936; x_wconf 70' lang='lat' dir='ltr'><strong>umen</strong></span> <span class='ocrx_word' id='word_1_40' title='bbox 671 868 733 935; x_wconf 90' lang='lat' dir='ltr'><strong>vim</strong></span> <span class='ocrx_word' id='word_1_41' title='bbox 755 867 821 933; x_wconf 88' lang='lat' dir='ltr'><strong>sire</strong></span> <span class='ocrx_word' id='word_1_42' title='bbox 839 867 1076 952; x_wconf 81' lang='lat' dir='ltr'><strong>impressionem</strong></span> <span class='ocrx_word' id='word_1_43' title='bbox 1097 864 1255 933; x_wconf 89' lang='lat' dir='ltr'><strong>canonicis</strong></span> <span class='ocrx_word' id='word_1_44' title='bbox 1277 865 1396 948; x_wconf 78' lang='lat' dir='ltr'><strong>intulit,</strong></span> <span class='ocrx_word' id='word_1_45' title='bbox 1418 864 1475 932; x_wconf 88' lang='lat' dir='ltr'><strong>scd</strong></span> <span class='ocrx_word' id='word_1_46' title='bbox 1496 884 1553 949; x_wconf 91' lang='lat' dir='ltr'><strong>pro</strong></span> <span class='ocrx_word' id='word_1_47' title='bbox 1575 864 1762 950; x_wconf 84' lang='lat' dir='ltr'><strong>quibusdem</strong></span> <span class='ocrx_word' id='word_1_48' title='bbox 1784 863 2003 932; x_wconf 89' lang='lat' dir='ltr'><strong>tantummodo</strong></span> 
     </span>
     <span class='ocr_line' id='line_1_6' title="bbox 461 962 2006 1063; baseline -0.005 -20"><span class='ocrx_word' id='word_1_49' title='bbox 461 988 567 1063; x_wconf 80' lang='lat' dir='ltr'><strong>preces</strong></span> <span class='ocrx_word' id='word_1_50' title='bbox 588 969 680 1038; x_wconf 89' lang='lat' dir='ltr'><strong>indit.</strong></span> <span class='ocrx_word' id='word_1_51' title='bbox 717 968 811 1038; x_wconf 90' lang='lat' dir='ltr'><strong>Unde</strong></span> <span class='ocrx_word' id='word_1_52' title='bbox 832 976 924 1036; x_wconf 76' lang='lat' dir='ltr'><strong>muta</strong></span> <span class='ocrx_word' id='word_1_53' title='bbox 949 968 982 1035; x_wconf 94' lang='lat' dir='ltr'><strong>iu</strong></span> <span class='ocrx_word' id='word_1_54' title='bbox 1003 962 1155 1036; x_wconf 84' lang='lat' dir='ltr'><strong>electione</strong></span> <span class='ocrx_word' id='word_1_55' title='bbox 1176 969 1227 1035; x_wconf 90' lang='lat' dir='ltr'><strong>usi</strong></span> <span class='ocrx_word' id='word_1_56' title='bbox 1248 974 1323 1035; x_wconf 89' lang='lat' dir='ltr'><strong>suut</strong></span> <span class='ocrx_word' id='word_1_57' title='bbox 1344 969 1486 1036; x_wconf 87' lang='lat' dir='ltr'><strong>canonici</strong></span> <span class='ocrx_word' id='word_1_58' title='bbox 1507 968 1670 1051; x_wconf 85' lang='lat' dir='ltr'><strong>libertate,</strong></span> <span class='ocrx_word' id='word_1_59' title='bbox 1707 967 1792 1053; x_wconf 87' lang='lat' dir='ltr'><strong>quod</strong></span> <span class='ocrx_word' id='word_1_60' title='bbox 1812 967 1936 1035; x_wconf 79' lang='lat' dir='ltr'><strong>emissis</strong></span> <span class='ocrx_word' id='word_1_61' title='bbox 1955 966 2006 1035; x_wconf 88' lang='lat' dir='ltr'><strong>his</strong></span> 
     </span>
     <span class='ocr_line' id='line_1_7' title="bbox 460 1068 2005 1166; baseline -0.001 -27"><span class='ocrx_word' id='word_1_62' title='bbox 460 1093 518 1166; x_wconf 85' lang='lat' dir='ltr'><strong>pro</strong></span> <span class='ocrx_word' id='word_1_63' title='bbox 548 1072 664 1159; x_wconf 88' lang='lat' dir='ltr'><strong>quibus</strong></span> <span class='ocrx_word' id='word_1_64' title='bbox 684 1072 748 1140; x_wconf 85' lang='lat' dir='ltr'><strong>dux</strong></span> <span class='ocrx_word' id='word_1_65' title='bbox 780 1091 888 1159; x_wconf 82' lang='lat' dir='ltr'><strong>preces</strong></span> <span class='ocrx_word' id='word_1_66' title='bbox 920 1082 1122 1156; x_wconf 86' lang='lat' dir='ltr'><strong>porrexerat,</strong></span> <span class='ocrx_word' id='word_1_67' title='bbox 1158 1070 1372 1157; x_wconf 86' lang='lat' dir='ltr'><strong>supradictum</strong></span> <span class='ocrx_word' id='word_1_68' title='bbox 1393 1072 1579 1157; x_wconf 79' lang='lat' dir='ltr'><strong>magistrum</strong></span> <span class='ocrx_word' id='word_1_69' title='bbox 1600 1070 1700 1139; x_wconf 90' lang='lat' dir='ltr'><strong>libere</strong></span> <span class='ocrx_word' id='word_1_70' title='bbox 1718 1070 1890 1155; x_wconf 78' lang='lat' dir='ltr'><strong>clegerunt</strong></span> <span class='ocrx_word' id='word_1_71' title='bbox 1931 1068 2005 1137; x_wconf 86' lang='lat' dir='ltr'><strong>Duo</strong></span> 
     </span>
     <span class='ocr_line' id='line_1_8' title="bbox 460 1170 2006 1267; baseline -0.003 -22"><span class='ocrx_word' id='word_1_72' title='bbox 460 1195 584 1267; x_wconf 79' lang='lat' dir='ltr'><strong>qnoque</strong></span> <span class='ocrx_word' id='word_1_73' title='bbox 605 1177 745 1245; x_wconf 88' lang='lat' dir='ltr'><strong>canonici</strong></span> <span class='ocrx_word' id='word_1_74' title='bbox 758 1176 814 1261; x_wconf 87' lang='lat' dir='ltr'><strong>qui</strong></span> <span class='ocrx_word' id='word_1_75' title='bbox 827 1175 973 1243; x_wconf 87' lang='lat' dir='ltr'><strong>electioni</strong></span> <span class='ocrx_word' id='word_1_76' title='bbox 995 1175 1212 1243; x_wconf 78' lang='lat' dir='ltr'><strong>contradixere</strong></span> <span class='ocrx_word' id='word_1_77' title='bbox 1233 1172 1365 1259; x_wconf 80' lang='lat' dir='ltr'><strong>prefate,</strong></span> <span class='ocrx_word' id='word_1_78' title='bbox 1393 1174 1492 1243; x_wconf 86' lang='lat' dir='ltr'><strong>libere</strong></span> <span class='ocrx_word' id='word_1_79' title='bbox 1512 1179 1712 1243; x_wconf 89' lang='lat' dir='ltr'><strong>recesserunt</strong></span> <span class='ocrx_word' id='word_1_80' title='bbox 1728 1175 1796 1242; x_wconf 89' lang='lat' dir='ltr'><strong>sine</strong></span> <span class='ocrx_word' id='word_1_81' title='bbox 1813 1170 2006 1259; x_wconf 85' lang='lat' dir='ltr'><strong>quibuslibet</strong></span> 
     </span>
     <span class='ocr_line' id='line_1_9' title="bbox 460 1276 2006 1361; baseline -0.006 -9"><span class='ocrx_word' id='word_1_82' title='bbox 460 1280 583 1352; x_wconf 86' lang='lat' dir='ltr'><strong>iniuriis</strong></span> <span class='ocrx_word' id='word_1_83' title='bbox 604 1285 639 1348; x_wconf 88' lang='lat' dir='ltr'><strong>et</strong></span> <span class='ocrx_word' id='word_1_84' title='bbox 659 1279 800 1348; x_wconf 88' lang='lat' dir='ltr'><strong>iacturis.</strong></span> <span class='ocrx_word' id='word_1_85' title='bbox 821 1278 935 1346; x_wconf 86' lang='lat' dir='ltr'><strong>Dictus</strong></span> <span class='ocrx_word' id='word_1_86' title='bbox 952 1285 1060 1346; x_wconf 87' lang='lat' dir='ltr'><strong>autem</strong></span> <span class='ocrx_word' id='word_1_87' title='bbox 1080 1283 1190 1346; x_wconf 84' lang='lat' dir='ltr'><strong>centor</strong></span> <span class='ocrx_word' id='word_1_88' title='bbox 1211 1282 1410 1361; x_wconf 84' lang='lat' dir='ltr'><strong>mntemptus</strong></span> <span class='ocrx_word' id='word_1_89' title='bbox 1431 1295 1495 1344; x_wconf 95' lang='lat' dir='ltr'><strong>uon</strong></span> <span class='ocrx_word' id='word_1_90' title='bbox 1516 1277 1622 1345; x_wconf 88' lang='lat' dir='ltr'><strong>luerat</strong></span> <span class='ocrx_word' id='word_1_91' title='bbox 1642 1285 1679 1345; x_wconf 91' lang='lat' dir='ltr'><strong>ut</strong></span> <span class='ocrx_word' id='word_1_92' title='bbox 1699 1276 1841 1360; x_wconf 90' lang='lat' dir='ltr'><strong>dicebot;</strong></span> <span class='ocrx_word' id='word_1_93' title='bbox 1861 1294 1943 1358; x_wconf 85' lang='lat' dir='ltr'><strong>cum,</strong></span> <span class='ocrx_word' id='word_1_94' title='bbox 1963 1276 2006 1343; x_wconf 87' lang='lat' dir='ltr'><strong>si·</strong></span> 
     </span>
     <span class='ocr_line' id='line_1_10' title="bbox 461 1378 2007 1468; baseline -0.005 -14"><span class='ocrx_word' id='word_1_95' title='bbox 461 1383 603 1468; x_wconf 78' lang='lat' dir='ltr'><strong>scripse</strong></span> <span class='ocrx_word' id='word_1_96' title='bbox 624 1381 789 1468; x_wconf 88' lang='lat' dir='ltr'><strong>proposuit</strong></span> <span class='ocrx_word' id='word_1_97' title='bbox 809 1400 913 1450; x_wconf 88' lang='lat' dir='ltr'><strong>eornm</strong></span> <span class='ocrx_word' id='word_1_98' title='bbox 935 1380 1043 1462; x_wconf 82' lang='lat' dir='ltr'><strong>nobis,</strong></span> <span class='ocrx_word' id='word_1_99' title='bbox 1080 1381 1182 1448; x_wconf 89' lang='lat' dir='ltr'><strong>tribus</strong></span> <span class='ocrx_word' id='word_1_100' title='bbox 1202 1379 1448 1448; x_wconf 91' lang='lat' dir='ltr'><strong>bebdomadibus</strong></span> <span class='ocrx_word' id='word_1_101' title='bbox 1477 1387 1553 1449; x_wconf 86' lang='lat' dir='ltr'><strong>ante</strong></span> <span class='ocrx_word' id='word_1_102' title='bbox 1573 1381 1759 1451; x_wconf 90' lang='lat' dir='ltr'><strong>electionem</strong></span> <span class='ocrx_word' id='word_1_103' title='bbox 1783 1380 1825 1449; x_wconf 90' lang='lat' dir='ltr'><strong>de</strong></span> <span class='ocrx_word' id='word_1_104' title='bbox 1846 1378 2007 1464; x_wconf 73' lang='lat' dir='ltr'><strong>promocio</strong></span> 
     </span>
     <span class='ocr_line' id='line_1_11' title="bbox 461 1481 2007 1570; baseline -0.005 -14"><span class='ocrx_word' id='word_1_105' title='bbox 461 1487 577 1569; x_wconf 65' lang='lat' dir='ltr'><strong>meus,</strong></span> <span class='ocrx_word' id='word_1_106' title='bbox 600 1486 663 1553; x_wconf 91' lang='lat' dir='ltr'><strong>iter</strong></span> <span class='ocrx_word' id='word_1_107' title='bbox 683 1485 869 1570; x_wconf 79' lang='lat' dir='ltr'><strong>arripuisset</strong></span> <span class='ocrx_word' id='word_1_108' title='bbox 890 1484 931 1551; x_wconf 85' lang='lat' dir='ltr'><strong>ud</strong></span> <span class='ocrx_word' id='word_1_109' title='bbox 945 1484 1058 1552; x_wconf 88' lang='lat' dir='ltr'><strong>Sedem</strong></span> <span class='ocrx_word' id='word_1_110' title='bbox 1079 1482 1283 1569; x_wconf 89' lang='lat' dir='ltr'><strong>apostolicum</strong></span> <span class='ocrx_word' id='word_1_111' title='bbox 1304 1483 1464 1566; x_wconf 76' lang='lat' dir='ltr'><strong>seniendi3</strong></span> <span class='ocrx_word' id='word_1_112' title='bbox 1486 1486 1620 1554; x_wconf 85' lang='lat' dir='ltr'><strong>maxime</strong></span> <span class='ocrx_word' id='word_1_113' title='bbox 1641 1504 1713 1553; x_wconf 88' lang='lat' dir='ltr'><strong>cum</strong></span> <span class='ocrx_word' id='word_1_114' title='bbox 1727 1484 1818 1551; x_wconf 83' lang='lat' dir='ltr'><strong>iuxta</strong></span> <span class='ocrx_word' id='word_1_115' title='bbox 1839 1481 2007 1551; x_wconf 80' lang='lat' dir='ltr'><strong>contessio-</strong></span> 
     </span>
     <span class='ocr_line' id='line_1_12' title="bbox 430 1584 2008 1673; baseline -0.003 -14"><span class='ocrx_word' id='word_1_116' title='bbox 430 1612 434 1621; x_wconf 88' lang='lat'><em>·</em></span> <span class='ocrx_word' id='word_1_117' title='bbox 462 1607 533 1659; x_wconf 89' lang='lat' dir='ltr'><strong>uem</strong></span> <span class='ocrx_word' id='word_1_118' title='bbox 551 1605 657 1671; x_wconf 76' lang='lat' dir='ltr'><strong>mam,</strong></span> <span class='ocrx_word' id='word_1_119' title='bbox 694 1588 818 1656; x_wconf 88' lang='lat' dir='ltr'><strong>etiamsi</strong></span> <span class='ocrx_word' id='word_1_120' title='bbox 851 1605 981 1673; x_wconf 91' lang='lat' dir='ltr'><strong>presens</strong></span> <span class='ocrx_word' id='word_1_121' title='bbox 1013 1589 1048 1654; x_wconf 90' lang='lat' dir='ltr'><strong>iu</strong></span> <span class='ocrx_word' id='word_1_122' title='bbox 1069 1587 1230 1671; x_wconf 91' lang='lat' dir='ltr'><strong>provincia</strong></span> <span class='ocrx_word' id='word_1_123' title='bbox 1250 1593 1325 1655; x_wconf 87' lang='lat' dir='ltr'><strong>tnnc</strong></span> <span class='ocrx_word' id='word_1_124' title='bbox 1345 1584 1476 1668; x_wconf 71' lang='lat' dir='ltr'><strong>iubeat,</strong></span> <span class='ocrx_word' id='word_1_125' title='bbox 1509 1595 1639 1672; x_wconf 89' lang='lat' dir='ltr'><strong>propter</strong></span> <span class='ocrx_word' id='word_1_126' title='bbox 1655 1594 1775 1657; x_wconf 91' lang='lat' dir='ltr'><strong>metum</strong></span> <span class='ocrx_word' id='word_1_127' title='bbox 1796 1585 1946 1672; x_wconf 89' lang='lat' dir='ltr'><strong>principis</strong></span> <span class='ocrx_word' id='word_1_128' title='bbox 1964 1585 2008 1653; x_wconf 90' lang='lat' dir='ltr'><strong>ad</strong></span> 
     </span>
     <span class='ocr_line' id='line_1_13' title="bbox 462 1689 2008 1780; baseline -0.001 -21"><span class='ocrx_word' id='word_1_129' title='bbox 462 1690 617 1780; x_wconf 84' lang='lat' dir='ltr'><strong>prolatam</strong></span> <span class='ocrx_word' id='word_1_130' title='bbox 632 1691 812 1760; x_wconf 89' lang='lat' dir='ltr'><strong>nullatenus</strong></span> <span class='ocrx_word' id='word_1_131' title='bbox 825 1693 1008 1759; x_wconf 90' lang='lat' dir='ltr'><strong>accessisset</strong></span> <span class='ocrx_word' id='word_1_132' title='bbox 1023 1691 1195 1773; x_wconf 88' lang='lat' dir='ltr'><strong>aeclesiam,</strong></span> <span class='ocrx_word' id='word_1_133' title='bbox 1217 1691 1313 1759; x_wconf 89' lang='lat' dir='ltr'><strong>etiam</strong></span> <span class='ocrx_word' id='word_1_134' title='bbox 1327 1696 1484 1758; x_wconf 87' lang='lat' dir='ltr'><strong>evocatus.</strong></span> <span class='ocrx_word' id='word_1_135' title='bbox 1507 1689 1570 1758; x_wconf 82' lang='lat' dir='ltr'><strong>Sed</strong></span> <span class='ocrx_word' id='word_1_136' title='bbox 1584 1710 1640 1759; x_wconf 90' lang='lat' dir='ltr'><strong>nee</strong></span> <span class='ocrx_word' id='word_1_137' title='bbox 1654 1690 1833 1776; x_wconf 88' lang='lat' dir='ltr'><strong>prepositus</strong></span> <span class='ocrx_word' id='word_1_138' title='bbox 1857 1689 2008 1759; x_wconf 76' lang='lat' dir='ltr'><strong>diceudm</strong></span> 
     </span>
     <span class='ocr_line' id='line_1_14' title="bbox 461 1792 2007 1880; baseline -0.002 -16"><span class='ocrx_word' id='word_1_139' title='bbox 461 1799 531 1865; x_wconf 85' lang='lat' dir='ltr'><strong>erat</strong></span> <span class='ocrx_word' id='word_1_140' title='bbox 550 1793 648 1863; x_wconf 84' lang='lat' dir='ltr'><strong>fuisse</strong></span> <span class='ocrx_word' id='word_1_141' title='bbox 668 1798 877 1880; x_wconf 82' lang='lat' dir='ltr'><strong>contemptus,</strong></span> <span class='ocrx_word' id='word_1_142' title='bbox 899 1812 992 1879; x_wconf 89' lang='lat' dir='ltr'><strong>quem</strong></span> <span class='ocrx_word' id='word_1_143' title='bbox 1014 1792 1248 1862; x_wconf 89' lang='lat' dir='ltr'><strong>adeleetionem</strong></span> <span class='ocrx_word' id='word_1_144' title='bbox 1269 1792 1410 1862; x_wconf 76' lang='lat' dir='ltr'><strong>mnouici</strong></span> <span class='ocrx_word' id='word_1_145' title='bbox 1431 1800 1630 1862; x_wconf 74' lang='lat' dir='ltr'><strong>vomuerunt</strong></span> <span class='ocrx_word' id='word_1_146' title='bbox 1652 1794 1742 1863; x_wconf 87' lang='lat' dir='ltr'><strong>Sicut</strong></span> <span class='ocrx_word' id='word_1_147' title='bbox 1761 1795 1845 1863; x_wconf 86' lang='lat' dir='ltr'><strong>enim</strong></span> <span class='ocrx_word' id='word_1_148' title='bbox 1857 1792 2007 1862; x_wconf 85' lang='lat' dir='ltr'><strong>Lamber-</strong></span> 
     </span>
     <span class='ocr_line' id='line_1_15' title="bbox 462 1894 2007 1983; baseline 0 -18"><span class='ocrx_word' id='word_1_149' title='bbox 462 1902 514 1966; x_wconf 87' lang='lat' dir='ltr'><strong>tus</strong></span> <span class='ocrx_word' id='word_1_150' title='bbox 534 1901 570 1965; x_wconf 88' lang='lat' dir='ltr'><strong>et</strong></span> <span class='ocrx_word' id='word_1_151' title='bbox 588 1895 743 1965; x_wconf 80' lang='lat' dir='ltr'><strong>Matthias</strong></span> <span class='ocrx_word' id='word_1_152' title='bbox 765 1896 995 1965; x_wconf 83' lang='lat' dir='ltr'><strong>Poauauienses</strong></span> <span class='ocrx_word' id='word_1_153' title='bbox 1016 1896 1158 1964; x_wconf 87' lang='lat' dir='ltr'><strong>cononici</strong></span> <span class='ocrx_word' id='word_1_154' title='bbox 1178 1894 1263 1981; x_wconf 90' lang='lat' dir='ltr'><strong>apud</strong></span> <span class='ocrx_word' id='word_1_155' title='bbox 1283 1894 1397 1963; x_wconf 89' lang='lat' dir='ltr'><strong>Sedem</strong></span> <span class='ocrx_word' id='word_1_156' title='bbox 1409 1896 1616 1981; x_wconf 85' lang='lat' dir='ltr'><strong>apostolicam</strong></span> <span class='ocrx_word' id='word_1_157' title='bbox 1629 1897 1816 1983; x_wconf 84' lang='lat' dir='ltr'><strong>interposito</strong></span> <span class='ocrx_word' id='word_1_158' title='bbox 1830 1898 2007 1966; x_wconf 87' lang='lat' dir='ltr'><strong>iuramento</strong></span> 
     </span>
     <span class='ocr_line' id='line_1_16' title="bbox 461 1998 2007 2084; baseline 0 -16"><span class='ocrx_word' id='word_1_159' title='bbox 461 1999 618 2082; x_wconf 71' lang='lat' dir='ltr'><strong>dheruut,</strong></span> <span class='ocrx_word' id='word_1_160' title='bbox 640 1998 741 2068; x_wconf 85' lang='lat' dir='ltr'><strong>Geras</strong></span> <span class='ocrx_word' id='word_1_161' title='bbox 755 2017 864 2068; x_wconf 88' lang='lat' dir='ltr'><strong>eorum</strong></span> <span class='ocrx_word' id='word_1_162' title='bbox 878 2000 1105 2068; x_wconf 90' lang='lat' dir='ltr'><strong>concanonicus</strong></span> <span class='ocrx_word' id='word_1_163' title='bbox 1118 2018 1176 2084; x_wconf 91' lang='lat' dir='ltr'><strong>per</strong></span> <span class='ocrx_word' id='word_1_164' title='bbox 1189 2007 1256 2066; x_wconf 88' lang='lat' dir='ltr'><strong>tres</strong></span> <span class='ocrx_word' id='word_1_165' title='bbox 1269 1998 1337 2066; x_wconf 90' lang='lat' dir='ltr'><strong>dies</strong></span> <span class='ocrx_word' id='word_1_166' title='bbox 1350 2004 1426 2067; x_wconf 82' lang='lat' dir='ltr'><strong>ante</strong></span> <span class='ocrx_word' id='word_1_167' title='bbox 1448 1998 1633 2067; x_wconf 86' lang='lat' dir='ltr'><strong>electionem</strong></span> <span class='ocrx_word' id='word_1_168' title='bbox 1654 2000 1762 2068; x_wconf 84' lang='lat' dir='ltr'><strong>extitit</strong></span> <span class='ocrx_word' id='word_1_169' title='bbox 1779 2000 1821 2068; x_wconf 87' lang='lat' dir='ltr'><strong>ud</strong></span> <span class='ocrx_word' id='word_1_170' title='bbox 1834 1999 2007 2069; x_wconf 83' lang='lat' dir='ltr'><strong>vocandum</strong></span> 
     </span>
     <span class='ocr_line' id='line_1_17' title="bbox 461 2101 2008 2190; baseline 0.001 -20"><span class='ocrx_word' id='word_1_171' title='bbox 461 2102 654 2189; x_wconf 82' lang='lat' dir='ltr'><strong>prepositum</strong></span> <span class='ocrx_word' id='word_1_172' title='bbox 674 2101 868 2185; x_wconf 87' lang='lat' dir='ltr'><strong>destinatus,</strong></span> <span class='ocrx_word' id='word_1_173' title='bbox 890 2103 947 2188; x_wconf 88' lang='lat' dir='ltr'><strong>qui</strong></span> <span class='ocrx_word' id='word_1_174' title='bbox 967 2103 1092 2171; x_wconf 90' lang='lat' dir='ltr'><strong>rediens</strong></span> <span class='ocrx_word' id='word_1_175' title='bbox 1113 2103 1146 2171; x_wconf 91' lang='lat' dir='ltr'><strong>iu</strong></span> <span class='ocrx_word' id='word_1_176' title='bbox 1168 2101 1315 2188; x_wconf 80' lang='lat' dir='ltr'><strong>capitulo</strong></span> <span class='ocrx_word' id='word_1_177' title='bbox 1337 2108 1520 2172; x_wconf 86' lang='lat' dir='ltr'><strong>constanter</strong></span> <span class='ocrx_word' id='word_1_178' title='bbox 1537 2103 1684 2187; x_wconf 85' lang='lat' dir='ltr'><strong>asseruit,</strong></span> <span class='ocrx_word' id='word_1_179' title='bbox 1717 2102 1802 2188; x_wconf 89' lang='lat' dir='ltr'><strong>quod</strong></span> <span class='ocrx_word' id='word_1_180' title='bbox 1828 2103 2008 2190; x_wconf 89' lang='lat' dir='ltr'><strong>prepositus</strong></span> 
     </span>
     <span class='ocr_line' id='line_1_18' title="bbox 460 2199 2008 2291; baseline 0.001 -17"><span class='ocrx_word' id='word_1_181' title='bbox 460 2205 566 2274; x_wconf 86' lang='lat' dir='ltr'><strong>venire</strong></span> <span class='ocrx_word' id='word_1_182' title='bbox 586 2205 723 2288; x_wconf 85' lang='lat' dir='ltr'><strong>nolebat,</strong></span> <span class='ocrx_word' id='word_1_183' title='bbox 745 2223 783 2274; x_wconf 90' lang='lat' dir='ltr'><strong>eo</strong></span> <span class='ocrx_word' id='word_1_184' title='bbox 803 2199 888 2291; x_wconf 80' lang='lat' dir='ltr'><strong>quod</strong></span> <span class='ocrx_word' id='word_1_185' title='bbox 908 2203 977 2273; x_wconf 89' lang='lat' dir='ltr'><strong>ibat</strong></span> <span class='ocrx_word' id='word_1_186' title='bbox 996 2206 1030 2272; x_wconf 94' lang='lat' dir='ltr'><strong>in</strong></span> <span class='ocrx_word' id='word_1_187' title='bbox 1052 2204 1138 2273; x_wconf 82' lang='lat' dir='ltr'><strong>(iulis</strong></span> <span class='ocrx_word' id='word_1_188' title='bbox 1159 2203 1215 2272; x_wconf 89' lang='lat' dir='ltr'><strong>ubi</strong></span> <span class='ocrx_word' id='word_1_189' title='bbox 1236 2205 1388 2290; x_wconf 87' lang='lat' dir='ltr'><strong>cupellam</strong></span> <span class='ocrx_word' id='word_1_190' title='bbox 1405 2210 1440 2273; x_wconf 90' lang='lat' dir='ltr'><strong>et</strong></span> <span class='ocrx_word' id='word_1_191' title='bbox 1460 2205 1595 2273; x_wconf 74' lang='lat' dir='ltr'><strong>humum</strong></span> <span class='ocrx_word' id='word_1_192' title='bbox 1623 2206 1761 2291; x_wconf 78' lang='lat' dir='ltr'><strong>regimen</strong></span> <span class='ocrx_word' id='word_1_193' title='bbox 1786 2206 1927 2288; x_wconf 87' lang='lat' dir='ltr'><strong>obtinet;</strong></span> <span class='ocrx_word' id='word_1_194' title='bbox 1950 2204 2008 2275; x_wconf 79' lang='lat' dir='ltr'><strong>aed</strong></span> 
     </span>
     <span class='ocr_line' id='line_1_19' title="bbox 461 2306 2008 2395; baseline 0 -17"><span class='ocrx_word' id='word_1_195' title='bbox 461 2326 646 2378; x_wconf 89' lang='lat' dir='ltr'><strong>consensum</strong></span> <span class='ocrx_word' id='word_1_196' title='bbox 665 2313 700 2376; x_wconf 88' lang='lat' dir='ltr'><strong>et</strong></span> <span class='ocrx_word' id='word_1_197' title='bbox 720 2307 817 2376; x_wconf 88' lang='lat' dir='ltr'><strong>verbo</strong></span> <span class='ocrx_word' id='word_1_198' title='bbox 836 2326 896 2376; x_wconf 87' lang='lat' dir='ltr'><strong>snt</strong></span> <span class='ocrx_word' id='word_1_199' title='bbox 915 2309 949 2376; x_wconf 93' lang='lat' dir='ltr'><strong>in</strong></span> <span class='ocrx_word' id='word_1_200' title='bbox 970 2325 1026 2376; x_wconf 90' lang='lat' dir='ltr'><strong>ore</strong></span> <span class='ocrx_word' id='word_1_201' title='bbox 1046 2308 1158 2376; x_wconf 89' lang='lat' dir='ltr'><strong>decani</strong></span> <span class='ocrx_word' id='word_1_202' title='bbox 1177 2306 1325 2393; x_wconf 85' lang='lat' dir='ltr'><strong>ponebat,</strong></span> <span class='ocrx_word' id='word_1_203' title='bbox 1346 2314 1381 2376; x_wconf 88' lang='lat' dir='ltr'><strong>et</strong></span> <span class='ocrx_word' id='word_1_204' title='bbox 1400 2309 1470 2377; x_wconf 94' lang='lat' dir='ltr'><strong>loco</strong></span> <span class='ocrx_word' id='word_1_205' title='bbox 1484 2309 1638 2395; x_wconf 83' lang='lat' dir='ltr'><strong>prepositi</strong></span> <span class='ocrx_word' id='word_1_206' title='bbox 1653 2310 1854 2394; x_wconf 83' lang='lat' dir='ltr'><strong>pestanodum</strong></span> <span class='ocrx_word' id='word_1_207' title='bbox 1869 2308 2008 2378; x_wconf 84' lang='lat' dir='ltr'><strong>decanus</strong></span> 
     </span>
     <span class='ocr_line' id='line_1_20' title="bbox 461 2410 2010 2498; baseline 0.001 -18"><span class='ocrx_word' id='word_1_208' title='bbox 461 2410 564 2497; x_wconf 73' lang='lat' dir='ltr'><strong>elegit</strong></span> <span class='ocrx_word' id='word_1_209' title='bbox 608 2411 712 2495; x_wconf 88' lang='lat' dir='ltr'><strong>Unde,</strong></span> <span class='ocrx_word' id='word_1_210' title='bbox 733 2430 804 2480; x_wconf 91' lang='lat' dir='ltr'><strong>cum</strong></span> <span class='ocrx_word' id='word_1_211' title='bbox 830 2411 968 2480; x_wconf 86' lang='lat' dir='ltr'><strong>decanus</strong></span> <span class='ocrx_word' id='word_1_212' title='bbox 994 2411 1062 2480; x_wconf 84' lang='lat' dir='ltr'><strong>viee</strong></span> <span class='ocrx_word' id='word_1_213' title='bbox 1082 2411 1182 2496; x_wconf 91' lang='lat' dir='ltr'><strong>ipsius</strong></span> <span class='ocrx_word' id='word_1_214' title='bbox 1202 2411 1346 2497; x_wconf 75' lang='lat' dir='ltr'><strong>deguit,</strong></span> <span class='ocrx_word' id='word_1_215' title='bbox 1374 2411 1443 2497; x_wconf 90' lang='lat' dir='ltr'><strong>ipse</strong></span> <span class='ocrx_word' id='word_1_216' title='bbox 1469 2430 1527 2496; x_wconf 92' lang='lat' dir='ltr'><strong>per</strong></span> <span class='ocrx_word' id='word_1_217' title='bbox 1554 2410 1643 2479; x_wconf 90' lang='lat' dir='ltr'><strong>illum</strong></span> <span class='ocrx_word' id='word_1_218' title='bbox 1668 2430 1798 2496; x_wconf 88' lang='lat' dir='ltr'><strong>presens</strong></span> <span class='ocrx_word' id='word_1_219' title='bbox 1822 2411 2010 2498; x_wconf 76' lang='lat' dir='ltr'><strong>intelligitur</strong></span> 
     </span>
     <span class='ocr_line' id='line_1_21' title="bbox 461 2512 2007 2601; baseline 0.001 -18"><span class='ocrx_word' id='word_1_220' title='bbox 461 2514 601 2601; x_wconf 68' lang='lat' dir='ltr'><strong>cupae</strong></span> <span class='ocrx_word' id='word_1_221' title='bbox 644 2514 778 2600; x_wconf 88' lang='lat' dir='ltr'><strong>Insuper</strong></span> <span class='ocrx_word' id='word_1_222' title='bbox 798 2515 841 2583; x_wconf 93' lang='lat' dir='ltr'><strong>ad</strong></span> <span class='ocrx_word' id='word_1_223' title='bbox 861 2516 1082 2583; x_wconf 88' lang='lat' dir='ltr'><strong>canonicorum</strong></span> <span class='ocrx_word' id='word_1_224' title='bbox 1102 2514 1249 2583; x_wconf 76' lang='lat' dir='ltr'><strong>notiham</strong></span> <span class='ocrx_word' id='word_1_225' title='bbox 1267 2533 1331 2582; x_wconf 91' lang='lat' dir='ltr'><strong>oon</strong></span> <span class='ocrx_word' id='word_1_226' title='bbox 1351 2519 1540 2600; x_wconf 77' lang='lat' dir='ltr'><strong>pemeoerat</strong></span> <span class='ocrx_word' id='word_1_227' title='bbox 1559 2512 1712 2583; x_wconf 77' lang='lat' dir='ltr'><strong>hoctenem</strong></span> <span class='ocrx_word' id='word_1_228' title='bbox 1728 2516 2007 2585; x_wconf 81' lang='lat' dir='ltr'><strong>excommunicatio</strong></span> 
     </span>
     <span class='ocr_line' id='line_1_22' title="bbox 461 2617 2009 2706; baseline -0.001 -18"><span class='ocrx_word' id='word_1_229' title='bbox 461 2618 641 2688; x_wconf 69' lang='lat' dir='ltr'><strong>meabant</strong></span> <span class='ocrx_word' id='word_1_230' title='bbox 661 2619 843 2704; x_wconf 84' lang='lat' dir='ltr'><strong>supradicti,</strong></span> <span class='ocrx_word' id='word_1_231' title='bbox 865 2619 906 2687; x_wconf 92' lang='lat' dir='ltr'><strong>de</strong></span> <span class='ocrx_word' id='word_1_232' title='bbox 924 2637 988 2703; x_wconf 87' lang='lat' dir='ltr'><strong>qua</strong></span> <span class='ocrx_word' id='word_1_233' title='bbox 1007 2637 1109 2704; x_wconf 86' lang='lat' dir='ltr'><strong>nuper</strong></span> <span class='ocrx_word' id='word_1_234' title='bbox 1126 2619 1223 2687; x_wconf 89' lang='lat' dir='ltr'><strong>iidem</strong></span> <span class='ocrx_word' id='word_1_235' title='bbox 1248 2617 1438 2687; x_wconf 74' lang='lat' dir='ltr'><strong>lambertus</strong></span> <span class='ocrx_word' id='word_1_236' title='bbox 1467 2625 1502 2685; x_wconf 89' lang='lat' dir='ltr'><strong>et</strong></span> <span class='ocrx_word' id='word_1_237' title='bbox 1526 2617 1680 2686; x_wconf 75' lang='lat' dir='ltr'><strong>Matthias</strong></span> <span class='ocrx_word' id='word_1_238' title='bbox 1708 2620 1898 2687; x_wconf 86' lang='lat' dir='ltr'><strong>mentionem</strong></span> <span class='ocrx_word' id='word_1_239' title='bbox 1924 2619 2009 2706; x_wconf 80' lang='lat' dir='ltr'><strong>apud</strong></span> 
     </span>
     <span class='ocr_line' id='line_1_23' title="bbox 461 2720 2008 2807; baseline 0.001 -17"><span class='ocrx_word' id='word_1_240' title='bbox 461 2720 574 2790; x_wconf 64' lang='lat' dir='ltr'><strong>wem</strong></span> <span class='ocrx_word' id='word_1_241' title='bbox 594 2721 800 2806; x_wconf 85' lang='lat' dir='ltr'><strong>apostolicam</strong></span> <span class='ocrx_word' id='word_1_242' title='bbox 818 2721 1001 2803; x_wconf 88' lang='lat' dir='ltr'><strong>audiemut;</strong></span> <span class='ocrx_word' id='word_1_243' title='bbox 1023 2739 1094 2790; x_wconf 90' lang='lat' dir='ltr'><strong>cum</strong></span> <span class='ocrx_word' id='word_1_244' title='bbox 1116 2721 1212 2789; x_wconf 72' lang='lat' dir='ltr'><strong>ethus</strong></span> <span class='ocrx_word' id='word_1_245' title='bbox 1234 2720 1377 2806; x_wconf 82' lang='lat' dir='ltr'><strong>prauus</strong></span> <span class='ocrx_word' id='word_1_246' title='bbox 1393 2722 1559 2806; x_wconf 88' lang='lat' dir='ltr'><strong>episeopus</strong></span> <span class='ocrx_word' id='word_1_247' title='bbox 1581 2740 1681 2807; x_wconf 83' lang='lat' dir='ltr'><strong>mque</strong></span> <span class='ocrx_word' id='word_1_248' title='bbox 1700 2722 1743 2789; x_wconf 81' lang='lat' dir='ltr'><strong>sd</strong></span> <span class='ocrx_word' id='word_1_249' title='bbox 1763 2730 1897 2792; x_wconf 89' lang='lat' dir='ltr'><strong>mortem</strong></span> <span class='ocrx_word' id='word_1_250' title='bbox 1917 2741 2008 2792; x_wconf 85' lang='lat' dir='ltr'><strong>suam</strong></span> 
     </span>
    </p>
   </div>
   <div class='ocr_carea' id='block_1_3' title="bbox 461 2823 2117 2912">
    <p class='ocr_par' dir='ltr' id='par_1_3' title="bbox 461 2823 2117 2912">
     <span class='ocr_line' id='line_1_24' title="bbox 461 2823 2117 2912; baseline 0.002 -19"><span class='ocrx_word' id='word_1_251' title='bbox 461 2829 495 2893; x_wconf 86' lang='lat' dir='ltr'><strong>ct</strong></span> <span class='ocrx_word' id='word_1_252' title='bbox 514 2823 652 2892; x_wconf 71' lang='lat' dir='ltr'><strong>decom</strong></span> <span class='ocrx_word' id='word_1_253' title='bbox 672 2843 771 2910; x_wconf 63' lang='lat' dir='ltr'><strong>umus</strong></span> <span class='ocrx_word' id='word_1_254' title='bbox 791 2842 874 2892; x_wconf 89' lang='lat' dir='ltr'><strong>nunc</strong></span> <span class='ocrx_word' id='word_1_255' title='bbox 895 2825 929 2891; x_wconf 93' lang='lat' dir='ltr'><strong>in</strong></span> <span class='ocrx_word' id='word_1_256' title='bbox 949 2825 1049 2909; x_wconf 88' lang='lat' dir='ltr'><strong>ipsius</strong></span> <span class='ocrx_word' id='word_1_257' title='bbox 1070 2824 1248 2892; x_wconf 87' lang='lat' dir='ltr'><strong>cancellarii</strong></span> <span class='ocrx_word' id='word_1_258' title='bbox 1275 2825 1492 2893; x_wconf 87' lang='lat' dir='ltr'><strong>commuuione</strong></span> <span class='ocrx_word' id='word_1_259' title='bbox 1511 2826 1753 2910; x_wconf 74' lang='lat' dir='ltr'><strong>permanserint,</strong></span> <span class='ocrx_word' id='word_1_260' title='bbox 1777 2827 1833 2912; x_wconf 87' lang='lat' dir='ltr'><strong>qui</strong></span> <span class='ocrx_word' id='word_1_261' title='bbox 1858 2825 2009 2895; x_wconf 89' lang='lat' dir='ltr'><strong>dicuutur</strong></span> <span class='ocrx_word' id='word_1_262' title='bbox 2115 2892 2117 2896; x_wconf 86' lang='lat'>.</span> 
     </span>
    </p>
   </div>
   <div class='ocr_carea' id='block_1_4' title="bbox 386 2926 2027 5078">
    <p class='ocr_par' dir='ltr' id='par_1_4' title="bbox 417 2926 2009 3643">
     <span class='ocr_line' id='line_1_25' title="bbox 461 2926 2008 3014; baseline 0.003 -20"><span class='ocrx_word' id='word_1_263' title='bbox 461 2927 495 2994; x_wconf 92' lang='lat' dir='ltr'><strong>in</strong></span> <span class='ocrx_word' id='word_1_264' title='bbox 515 2926 639 3014; x_wconf 83' lang='lat' dir='ltr'><strong>prelata</strong></span> <span class='ocrx_word' id='word_1_265' title='bbox 658 2928 778 3014; x_wconf 80' lang='lat' dir='ltr'><strong>synodo</strong></span> <span class='ocrx_word' id='word_1_266' title='bbox 804 2927 902 2996; x_wconf 75' lang='lat' dir='ltr'><strong>fuuse</strong></span> <span class='ocrx_word' id='word_1_267' title='bbox 921 2934 1093 3013; x_wconf 81' lang='lat' dir='ltr'><strong>presentes</strong></span> <span class='ocrx_word' id='word_1_268' title='bbox 1137 2926 1200 2995; x_wconf 87' lang='lat' dir='ltr'><strong>Sed</strong></span> <span class='ocrx_word' id='word_1_269' title='bbox 1221 2928 1283 2996; x_wconf 87' lang='lat' dir='ltr'><strong>etsi</strong></span> <span class='ocrx_word' id='word_1_270' title='bbox 1308 2927 1410 2996; x_wconf 87' lang='lat' dir='ltr'><strong>dictos</strong></span> <span class='ocrx_word' id='word_1_271' title='bbox 1437 2929 1603 2996; x_wconf 90' lang='lat' dir='ltr'><strong>canonicos</strong></span> <span class='ocrx_word' id='word_1_272' title='bbox 1630 2931 1898 2999; x_wconf 65' lang='lat' dir='ltr'><strong>excommunicato</strong></span> <span class='ocrx_word' id='word_1_273' title='bbox 1924 2949 2008 3000; x_wconf 90' lang='lat' dir='ltr'><strong>eom·</strong></span> 
     </span>
     <span class='ocr_line' id='line_1_26' title="bbox 462 3030 2008 3119; baseline 0.002 -21"><span class='ocrx_word' id='word_1_274' title='bbox 462 3030 638 3099; x_wconf 79' lang='lat' dir='ltr'><strong>mnicassa</strong></span> <span class='ocrx_word' id='word_1_275' title='bbox 669 3037 843 3113; x_wconf 81' lang='lat' dir='ltr'><strong>mactaret,</strong></span> <span class='ocrx_word' id='word_1_276' title='bbox 873 3051 944 3099; x_wconf 91' lang='lat' dir='ltr'><strong>cum</strong></span> <span class='ocrx_word' id='word_1_277' title='bbox 969 3050 1027 3116; x_wconf 92' lang='lat' dir='ltr'><strong>per</strong></span> <span class='ocrx_word' id='word_1_278' title='bbox 1053 3030 1113 3100; x_wconf 92' lang='lat' dir='ltr'><strong>hoc</strong></span> <span class='ocrx_word' id='word_1_279' title='bbox 1140 3031 1264 3098; x_wconf 74' lang='lat' dir='ltr'><strong>neurim</strong></span> <span class='ocrx_word' id='word_1_280' title='bbox 1289 3030 1403 3098; x_wconf 90' lang='lat' dir='ltr'><strong>minori</strong></span> <span class='ocrx_word' id='word_1_281' title='bbox 1428 3038 1537 3100; x_wconf 78' lang='lat' dir='ltr'><strong>essem</strong></span> <span class='ocrx_word' id='word_1_282' title='bbox 1560 3033 1881 3102; x_wconf 79' lang='lat' dir='ltr'><strong>excommunicatione</strong></span> <span class='ocrx_word' id='word_1_283' title='bbox 1906 3033 2008 3119; x_wconf 74' lang='lat' dir='ltr'><strong>ligati,</strong></span> 
     </span>
     <span class='ocr_line' id='line_1_27' title="bbox 462 3132 2008 3222; baseline 0.001 -20"><span class='ocrx_word' id='word_1_284' title='bbox 462 3150 525 3201; x_wconf 91' lang='lat' dir='ltr'><strong>uou</strong></span> <span class='ocrx_word' id='word_1_285' title='bbox 544 3132 617 3202; x_wconf 90' lang='lat' dir='ltr'><strong>ideo</strong></span> <span class='ocrx_word' id='word_1_286' title='bbox 638 3140 723 3202; x_wconf 82' lang='lat' dir='ltr'><strong>esset</strong></span> <span class='ocrx_word' id='word_1_287' title='bbox 742 3134 790 3202; x_wconf 91' lang='lat' dir='ltr'><strong>eis</strong></span> <span class='ocrx_word' id='word_1_288' title='bbox 810 3141 902 3202; x_wconf 88' lang='lat' dir='ltr'><strong>aetus</strong></span> <span class='ocrx_word' id='word_1_289' title='bbox 922 3134 1081 3219; x_wconf 79' lang='lat' dir='ltr'><strong>legitimus</strong></span> <span class='ocrx_word' id='word_1_290' title='bbox 1102 3133 1298 3201; x_wconf 77' lang='lat' dir='ltr'><strong>interdictus</strong></span> <span class='ocrx_word' id='word_1_291' title='bbox 1324 3133 1540 3218; x_wconf 78' lang='lat' dir='ltr'><strong>inperscmm</strong></span> <span class='ocrx_word' id='word_1_292' title='bbox 1560 3153 1686 3220; x_wconf 81' lang='lat' dir='ltr'><strong>qnoque</strong></span> <span class='ocrx_word' id='word_1_293' title='bbox 1707 3135 1842 3220; x_wconf 87' lang='lat' dir='ltr'><strong>predicti</strong></span> <span class='ocrx_word' id='word_1_294' title='bbox 1864 3135 2008 3222; x_wconf 71' lang='lat' dir='ltr'><strong>magistri</strong></span> 
     </span>
     <span class='ocr_line' id='line_1_28' title="bbox 463 3233 2008 3324; baseline 0.002 -20"><span class='ocrx_word' id='word_1_295' title='bbox 463 3233 617 3304; x_wconf 86' lang='lat' dir='ltr'><strong>obiectum</strong></span> <span class='ocrx_word' id='word_1_296' title='bbox 639 3237 756 3320; x_wconf 80' lang='lat' dir='ltr'><strong>extitit,</strong></span> <span class='ocrx_word' id='word_1_297' title='bbox 774 3237 857 3322; x_wconf 87' lang='lat' dir='ltr'><strong>quod</strong></span> <span class='ocrx_word' id='word_1_298' title='bbox 880 3238 1168 3305; x_wconf 81' lang='lat' dir='ltr'><strong>excommunicatus</strong></span> <span class='ocrx_word' id='word_1_299' title='bbox 1185 3243 1256 3304; x_wconf 88' lang='lat' dir='ltr'><strong>erat</strong></span> <span class='ocrx_word' id='word_1_300' title='bbox 1280 3237 1401 3321; x_wconf 85' lang='lat' dir='ltr'><strong>pariter</strong></span> <span class='ocrx_word' id='word_1_301' title='bbox 1429 3243 1464 3304; x_wconf 91' lang='lat' dir='ltr'><strong>et</strong></span> <span class='ocrx_word' id='word_1_302' title='bbox 1503 3238 1664 3323; x_wconf 78' lang='lat' dir='ltr'><strong>periurus,</strong></span> <span class='ocrx_word' id='word_1_303' title='bbox 1697 3237 1773 3324; x_wconf 89' lang='lat' dir='ltr'><strong>quia</strong></span> <span class='ocrx_word' id='word_1_304' title='bbox 1793 3238 1918 3324; x_wconf 78' lang='lat' dir='ltr'><strong>prefato</strong></span> <span class='ocrx_word' id='word_1_305' title='bbox 1933 3237 2008 3307; x_wconf 90' lang='lat' dir='ltr'><strong>duci</strong></span> 
     </span>
     <span class='ocr_line' id='line_1_29' title="bbox 462 3340 2009 3411; baseline 0.002 -3"><span class='ocrx_word' id='word_1_306' title='bbox 462 3357 525 3408; x_wconf 93' lang='lat' dir='ltr'><strong>uou</strong></span> <span class='ocrx_word' id='word_1_307' title='bbox 545 3340 647 3408; x_wconf 91' lang='lat' dir='ltr'><strong>solum</strong></span> <span class='ocrx_word' id='word_1_308' title='bbox 668 3340 701 3407; x_wconf 92' lang='lat' dir='ltr'><strong>in</strong></span> <span class='ocrx_word' id='word_1_309' title='bbox 721 3341 817 3408; x_wconf 89' lang='lat' dir='ltr'><strong>verbo</strong></span> <span class='ocrx_word' id='word_1_310' title='bbox 838 3340 896 3409; x_wconf 88' lang='lat' dir='ltr'><strong>sed</strong></span> <span class='ocrx_word' id='word_1_311' title='bbox 917 3348 951 3408; x_wconf 87' lang='lat' dir='ltr'><strong>et</strong></span> <span class='ocrx_word' id='word_1_312' title='bbox 968 3342 1001 3408; x_wconf 91' lang='lat' dir='ltr'><strong>iu</strong></span> <span class='ocrx_word' id='word_1_313' title='bbox 1020 3341 1151 3409; x_wconf 88' lang='lat' dir='ltr'><strong>crimine</strong></span> <span class='ocrx_word' id='word_1_314' title='bbox 1169 3340 1454 3409; x_wconf 80' lang='lat' dir='ltr'><strong>communicaverat</strong></span> <span class='ocrx_word' id='word_1_315' title='bbox 1474 3346 1587 3409; x_wconf 74' lang='lat' dir='ltr'><strong>conus</strong></span> <span class='ocrx_word' id='word_1_316' title='bbox 1606 3341 1852 3409; x_wconf 61' lang='lat' dir='ltr'><strong>mlesiasdeum</strong></span> <span class='ocrx_word' id='word_1_317' title='bbox 1877 3341 2009 3411; x_wconf 79' lang='lat' dir='ltr'><strong>liberte·</strong></span> 
     </span>
     <span class='ocr_line' id='line_1_30' title="bbox 463 3443 2009 3531; baseline 0.003 -21"><span class='ocrx_word' id='word_1_318' title='bbox 463 3447 537 3525; x_wconf 86' lang='lat' dir='ltr'><strong>tem,</strong></span> <span class='ocrx_word' id='word_1_319' title='bbox 554 3447 590 3511; x_wconf 88' lang='lat' dir='ltr'><strong>et</strong></span> <span class='ocrx_word' id='word_1_320' title='bbox 609 3444 694 3528; x_wconf 74' lang='lat' dir='ltr'><strong>quia,</strong></span> <span class='ocrx_word' id='word_1_321' title='bbox 716 3463 788 3511; x_wconf 92' lang='lat' dir='ltr'><strong>cnm</strong></span> <span class='ocrx_word' id='word_1_322' title='bbox 805 3445 1080 3513; x_wconf 85' lang='lat' dir='ltr'><strong>excommunicatis</strong></span> <span class='ocrx_word' id='word_1_323' title='bbox 1093 3461 1129 3511; x_wconf 89' lang='lat' dir='ltr'><strong>se</strong></span> <span class='ocrx_word' id='word_1_324' title='bbox 1142 3461 1206 3510; x_wconf 92' lang='lat' dir='ltr'><strong>non</strong></span> <span class='ocrx_word' id='word_1_325' title='bbox 1221 3443 1522 3511; x_wconf 85' lang='lat' dir='ltr'><strong>communicaturum</strong></span> <span class='ocrx_word' id='word_1_326' title='bbox 1535 3443 1696 3527; x_wconf 75' lang='lat' dir='ltr'><strong>iuraverit,</strong></span> <span class='ocrx_word' id='word_1_327' title='bbox 1718 3450 1833 3513; x_wconf 78' lang='lat' dir='ltr'><strong>centn</strong></span> <span class='ocrx_word' id='word_1_328' title='bbox 1846 3445 2009 3531; x_wconf 86' lang='lat' dir='ltr'><strong>proprium</strong></span> 
     </span>
     <span class='ocr_line' id='line_1_31' title="bbox 417 3545 2009 3643; baseline 0.003 -30"><span class='ocrx_word' id='word_1_329' title='bbox 417 3636 420 3643; x_wconf 21' lang='lat'><strong>¹</strong></span> <span class='ocrx_word' id='word_1_330' title='bbox 462 3545 587 3614; x_wconf 74' lang='lat' dir='ltr'><strong>miuus</strong></span> <span class='ocrx_word' id='word_1_331' title='bbox 608 3547 819 3615; x_wconf 87' lang='lat' dir='ltr'><strong>iuramentum</strong></span> <span class='ocrx_word' id='word_1_332' title='bbox 839 3547 941 3616; x_wconf 89' lang='lat' dir='ltr'><strong>eidem</strong></span> <span class='ocrx_word' id='word_1_333' title='bbox 962 3548 1036 3616; x_wconf 91' lang='lat' dir='ltr'><strong>duci</strong></span> <span class='ocrx_word' id='word_1_334' title='bbox 1057 3547 1325 3617; x_wconf 82' lang='lat' dir='ltr'><strong>excommunicato</strong></span> <span class='ocrx_word' id='word_1_335' title='bbox 1353 3547 1583 3616; x_wconf 83' lang='lat' dir='ltr'><strong>communicare</strong></span> <span class='ocrx_word' id='word_1_336' title='bbox 1610 3550 1814 3634; x_wconf 84' lang='lat' dir='ltr'><strong>presumpsit</strong></span> <span class='ocrx_word' id='word_1_337' title='bbox 1857 3549 1935 3617; x_wconf 84' lang='lat' dir='ltr'><strong>Fuit</strong></span> <span class='ocrx_word' id='word_1_338' title='bbox 1960 3550 2009 3618; x_wconf 87' lang='lat' dir='ltr'><strong>in·</strong></span> 
     </span>
    </p>

    <p class='ocr_par' dir='ltr' id='par_1_5' title="bbox 386 3647 2027 5078">
     <span class='ocr_line' id='line_1_32' title="bbox 462 3647 2008 3737; baseline 0.002 -19"><span class='ocrx_word' id='word_1_339' title='bbox 462 3664 557 3735; x_wconf 79' lang='lat' dir='ltr'><strong>super</strong></span> <span class='ocrx_word' id='word_1_340' title='bbox 576 3651 773 3736; x_wconf 87' lang='lat' dir='ltr'><strong>propositum</strong></span> <span class='ocrx_word' id='word_1_341' title='bbox 794 3657 905 3720; x_wconf 89' lang='lat' dir='ltr'><strong>eontra</strong></span> <span class='ocrx_word' id='word_1_342' title='bbox 921 3671 1004 3734; x_wconf 84' lang='lat' dir='ltr'><strong>eum,</strong></span> <span class='ocrx_word' id='word_1_343' title='bbox 1027 3651 1111 3737; x_wconf 88' lang='lat' dir='ltr'><strong>quod</strong></span> <span class='ocrx_word' id='word_1_344' title='bbox 1132 3657 1208 3719; x_wconf 88' lang='lat' dir='ltr'><strong>ante</strong></span> <span class='ocrx_word' id='word_1_345' title='bbox 1229 3647 1494 3718; x_wconf 84' lang='lat' dir='ltr'><strong>confimationem</strong></span> <span class='ocrx_word' id='word_1_346' title='bbox 1509 3648 1673 3718; x_wconf 83' lang='lat' dir='ltr'><strong>obtentam</strong></span> <span class='ocrx_word' id='word_1_347' title='bbox 1694 3657 1858 3737; x_wconf 81' lang='lat' dir='ltr'><strong>receperat</strong></span> <span class='ocrx_word' id='word_1_348' title='bbox 1877 3651 2008 3721; x_wconf 88' lang='lat' dir='ltr'><strong>anulum</strong></span> 
     </span>
     <span class='ocr_line' id='line_1_33' title="bbox 463 3753 2007 3840; baseline 0.002 -19"><span class='ocrx_word' id='word_1_349' title='bbox 463 3755 886 3840; x_wconf 81' lang='lat' dir='ltr'><strong>etbaculumpastoralem.</strong></span> <span class='ocrx_word' id='word_1_350' title='bbox 930 3754 1424 3840; x_wconf 82' lang='lat' dir='ltr'><strong>Proeoveroluitresposum:</strong></span> <span class='ocrx_word' id='word_1_351' title='bbox 1453 3753 2007 3840; x_wconf 80' lang='lat' dir='ltr'><strong>adprimumquodpreiatoduci</strong></span> 
     </span>
     <span class='ocr_line' id='line_1_34' title="bbox 463 3855 2006 3944; baseline -0.001 -17"><span class='ocrx_word' id='word_1_352' title='bbox 463 3875 658 3944; x_wconf 60' lang='lat' dir='ltr'><strong>equaquam</strong></span> <span class='ocrx_word' id='word_1_353' title='bbox 691 3861 988 3941; x_wconf 84' lang='lat' dir='ltr'><strong>communicaverat,</strong></span> <span class='ocrx_word' id='word_1_354' title='bbox 1022 3860 1082 3926; x_wconf 89' lang='lat' dir='ltr'><strong>nisi</strong></span> <span class='ocrx_word' id='word_1_355' title='bbox 1115 3863 1239 3925; x_wconf 77' lang='lat' dir='ltr'><strong>uatum</strong></span> <span class='ocrx_word' id='word_1_356' title='bbox 1271 3859 1304 3924; x_wconf 91' lang='lat' dir='ltr'><strong>in</strong></span> <span class='ocrx_word' id='word_1_357' title='bbox 1331 3856 1382 3925; x_wconf 89' lang='lat' dir='ltr'><strong>his</strong></span> <span class='ocrx_word' id='word_1_358' title='bbox 1412 3873 1475 3940; x_wconf 82' lang='lat' dir='ltr'><strong>que</strong></span> <span class='ocrx_word' id='word_1_359' title='bbox 1506 3855 1548 3923; x_wconf 87' lang='lat' dir='ltr'><strong>ad</strong></span> <span class='ocrx_word' id='word_1_360' title='bbox 1570 3857 1796 3925; x_wconf 81' lang='lat' dir='ltr'><strong>ccmeetiouem</strong></span> <span class='ocrx_word' id='word_1_361' title='bbox 1817 3856 2006 3942; x_wconf 63' lang='lat' dir='ltr'><strong>spernunt</strong></span> 
     </span>
     <span class='ocr_line' id='line_1_35' title="bbox 463 3958 2007 4050; baseline -0.001 -20"><span class='ocrx_word' id='word_1_362' title='bbox 463 3960 1446 4050; x_wconf 66' lang='lat' dir='ltr'><strong>ipsiuuutvidelieetablloolesiepersecutiouedesiatena</strong></span> <span class='ocrx_word' id='word_1_363' title='bbox 1472 3958 1910 4029; x_wconf 82' lang='lat' dir='ltr'><strong>adtuamanelatarediret</strong></span> <span class='ocrx_word' id='word_1_364' title='bbox 1942 3958 2007 4029; x_wconf 81' lang='lat' dir='ltr'><strong>Sed</strong></span> 
     </span>
     <span class='ocr_line' id='line_1_36' title="bbox 464 4061 2027 4148; baseline -0.001 -16"><span class='ocrx_word' id='word_1_365' title='bbox 464 4065 801 4136; x_wconf 70' lang='lat' dir='ltr'><strong>ammmnnimsset</strong></span> <span class='ocrx_word' id='word_1_366' title='bbox 822 4067 923 4135; x_wconf 90' lang='lat' dir='ltr'><strong>eidem</strong></span> <span class='ocrx_word' id='word_1_367' title='bbox 943 4068 977 4133; x_wconf 93' lang='lat' dir='ltr'><strong>in</strong></span> <span class='ocrx_word' id='word_1_368' title='bbox 998 4066 1080 4146; x_wconf 82' lang='lat' dir='ltr'><strong>aliia,</strong></span> <span class='ocrx_word' id='word_1_369' title='bbox 1101 4083 1140 4132; x_wconf 85' lang='lat' dir='ltr'><strong>ex</strong></span> <span class='ocrx_word' id='word_1_370' title='bbox 1161 4069 1325 4132; x_wconf 89' lang='lat' dir='ltr'><strong>eotameu</strong></span> <span class='ocrx_word' id='word_1_371' title='bbox 1345 4061 1901 4146; x_wconf 68' lang='lat' dir='ltr'><strong>maetnouimmeritoexcusaudus,</strong></span> <span class='ocrx_word' id='word_1_372' title='bbox 1921 4061 2027 4148; x_wconf 59' lang='lat' dir='ltr'><strong>qm</strong></span> 
     </span>
     <span class='ocr_line' id='line_1_37' title="bbox 464 4163 2009 4254; baseline -0.001 -18"><span class='ocrx_word' id='word_1_373' title='bbox 464 4164 544 4236; x_wconf 87' lang='lat' dir='ltr'><strong>idem</strong></span> <span class='ocrx_word' id='word_1_374' title='bbox 565 4167 630 4236; x_wconf 85' lang='lat' dir='ltr'><strong>dux</strong></span> <span class='ocrx_word' id='word_1_375' title='bbox 650 4188 707 4254; x_wconf 90' lang='lat' dir='ltr'><strong>per</strong></span> <span class='ocrx_word' id='word_1_376' title='bbox 727 4188 835 4237; x_wconf 81' lang='lat' dir='ltr'><strong>omnes</strong></span> <span class='ocrx_word' id='word_1_377' title='bbox 853 4171 1001 4238; x_wconf 71' lang='lat' dir='ltr'><strong>melesius</strong></span> <span class='ocrx_word' id='word_1_378' title='bbox 1021 4167 1216 4238; x_wconf 87' lang='lat' dir='ltr'><strong>cathedrales</strong></span> <span class='ocrx_word' id='word_1_379' title='bbox 1231 4166 1359 4234; x_wconf 87' lang='lat' dir='ltr'><strong>Polcnie</strong></span> <span class='ocrx_word' id='word_1_380' title='bbox 1380 4163 1498 4233; x_wconf 78' lang='lat' dir='ltr'><strong>feoemt</strong></span> <span class='ocrx_word' id='word_1_381' title='bbox 1518 4166 1668 4243; x_wconf 74' lang='lat' dir='ltr'><strong>nundum,</strong></span> <span class='ocrx_word' id='word_1_382' title='bbox 1689 4167 1874 4252; x_wconf 88' lang='lat' dir='ltr'><strong>priusquam</strong></span> <span class='ocrx_word' id='word_1_383' title='bbox 1889 4167 2009 4234; x_wconf 67' lang='lat' dir='ltr'><strong>iue-</strong></span> 
     </span>
     <span class='ocr_line' id='line_1_38' title="bbox 386 4266 2010 4357; baseline -0.002 -17"><span class='ocrx_word' id='word_1_384' title='bbox 386 4296 390 4303; x_wconf 92' lang='lat'><em>·</em></span> <span class='ocrx_word' id='word_1_385' title='bbox 464 4273 790 4340; x_wconf 80' lang='lat' dir='ltr'><strong>excommunicationis</strong></span> <span class='ocrx_word' id='word_1_386' title='bbox 821 4274 979 4341; x_wconf 67' lang='lat' dir='ltr'><strong>senteuffl</strong></span> <span class='ocrx_word' id='word_1_387' title='bbox 1005 4271 1206 4357; x_wconf 76' lang='lat' dir='ltr'><strong>promulgata</strong></span> <span class='ocrx_word' id='word_1_388' title='bbox 1236 4268 1360 4348; x_wconf 76' lang='lat' dir='ltr'><strong>maaet,</strong></span> <span class='ocrx_word' id='word_1_389' title='bbox 1394 4286 1430 4335; x_wconf 87' lang='lat' dir='ltr'><strong>se</strong></span> <span class='ocrx_word' id='word_1_390' title='bbox 1460 4266 1503 4334; x_wconf 89' lang='lat' dir='ltr'><strong>ad</strong></span> <span class='ocrx_word' id='word_1_391' title='bbox 1529 4266 1642 4336; x_wconf 63' lang='lat' dir='ltr'><strong>Sdem</strong></span> <span class='ocrx_word' id='word_1_392' title='bbox 1674 4268 1880 4353; x_wconf 84' lang='lat' dir='ltr'><strong>apostolicam</strong></span> <span class='ocrx_word' id='word_1_393' title='bbox 1901 4268 2010 4354; x_wconf 84' lang='lat' dir='ltr'><strong>appel·</strong></span> 
     </span>
     <span class='ocr_line' id='line_1_39' title="bbox 464 4368 2009 4462; baseline -0.003 -19"><span class='ocrx_word' id='word_1_394' title='bbox 464 4368 561 4443; x_wconf 78' lang='lat' dir='ltr'><strong>luaue:</strong></span> <span class='ocrx_word' id='word_1_395' title='bbox 597 4375 681 4443; x_wconf 89' lang='lat' dir='ltr'><strong>uude</strong></span> <span class='ocrx_word' id='word_1_396' title='bbox 709 4377 823 4443; x_wconf 86' lang='lat' dir='ltr'><strong>merito</strong></span> <span class='ocrx_word' id='word_1_397' title='bbox 843 4377 949 4462; x_wconf 86' lang='lat' dir='ltr'><strong>potuit</strong></span> <span class='ocrx_word' id='word_1_398' title='bbox 966 4376 1090 4460; x_wconf 88' lang='lat' dir='ltr'><strong>opinari</strong></span> <span class='ocrx_word' id='word_1_399' title='bbox 1111 4374 1196 4460; x_wconf 86' lang='lat' dir='ltr'><strong>quod</strong></span> <span class='ocrx_word' id='word_1_400' title='bbox 1217 4392 1280 4441; x_wconf 91' lang='lat' dir='ltr'><strong>nou</strong></span> <span class='ocrx_word' id='word_1_401' title='bbox 1301 4372 1398 4440; x_wconf 84' lang='lat' dir='ltr'><strong>luerit</strong></span> <span class='ocrx_word' id='word_1_402' title='bbox 1418 4372 1578 4440; x_wconf 75' lang='lat' dir='ltr'><strong>mutantia</strong></span> <span class='ocrx_word' id='word_1_403' title='bbox 1596 4371 1915 4457; x_wconf 79' lang='lat' dir='ltr'><strong>cupradictaligatua,</strong></span> <span class='ocrx_word' id='word_1_404' title='bbox 1928 4390 2009 4461; x_wconf 32' lang='lat' dir='ltr'><strong>,mm</strong></span> 
     </span>
     <span class='ocr_line' id='line_1_40' title="bbox 465 4474 2008 4563; baseline 0.004 -24"><span class='ocrx_word' id='word_1_405' title='bbox 465 4479 497 4539; x_wconf 91' lang='lat' dir='ltr'><strong>et</strong></span> <span class='ocrx_word' id='word_1_406' title='bbox 515 4475 618 4546; x_wconf 84' lang='lat' dir='ltr'><strong>adbuc</strong></span> <span class='ocrx_word' id='word_1_407' title='bbox 637 4497 733 4563; x_wconf 88' lang='lat' dir='ltr'><strong>super</strong></span> <span class='ocrx_word' id='word_1_408' title='bbox 753 4480 813 4547; x_wconf 91' lang='lat' dir='ltr'><strong>hoe</strong></span> <span class='ocrx_word' id='word_1_409' title='bbox 833 4481 1048 4547; x_wconf 87' lang='lat' dir='ltr'><strong>controversia</strong></span> <span class='ocrx_word' id='word_1_410' title='bbox 1065 4479 1244 4546; x_wconf 82' lang='lat' dir='ltr'><strong>ventiletur.</strong></span> <span class='ocrx_word' id='word_1_411' title='bbox 1266 4476 1328 4544; x_wconf 88' lang='lat' dir='ltr'><strong>Sed</strong></span> <span class='ocrx_word' id='word_1_412' title='bbox 1348 4495 1407 4544; x_wconf 88' lang='lat' dir='ltr'><strong>nce</strong></span> <span class='ocrx_word' id='word_1_413' title='bbox 1428 4474 1508 4542; x_wconf 83' lang='lat' dir='ltr'><strong>illul</strong></span> <span class='ocrx_word' id='word_1_414' title='bbox 1529 4481 1655 4560; x_wconf 84' lang='lat' dir='ltr'><strong>poterat</strong></span> <span class='ocrx_word' id='word_1_415' title='bbox 1675 4476 1828 4560; x_wconf 78' lang='lat' dir='ltr'><strong>magistro</strong></span> <span class='ocrx_word' id='word_1_416' title='bbox 1847 4475 2008 4561; x_wconf 78' lang='lat' dir='ltr'><strong>sepedicto</strong></span> 
     </span>
     <span class='ocr_line' id='line_1_41' title="bbox 465 4577 2009 4666; baseline -0.001 -19"><span class='ocrx_word' id='word_1_417' title='bbox 465 4591 574 4647; x_wconf 76' lang='lat' dir='ltr'><strong>uouere</strong></span> <span class='ocrx_word' id='word_1_418' title='bbox 594 4581 677 4666; x_wconf 87' lang='lat' dir='ltr'><strong>quod</strong></span> <span class='ocrx_word' id='word_1_419' title='bbox 698 4588 774 4650; x_wconf 85' lang='lat' dir='ltr'><strong>unte</strong></span> <span class='ocrx_word' id='word_1_420' title='bbox 794 4583 1062 4650; x_wconf 83' lang='lat' dir='ltr'><strong>confirmationem</strong></span> <span class='ocrx_word' id='word_1_421' title='bbox 1084 4588 1247 4664; x_wconf 90' lang='lat' dir='ltr'><strong>receperat</strong></span> <span class='ocrx_word' id='word_1_422' title='bbox 1266 4579 1396 4647; x_wconf 87' lang='lat' dir='ltr'><strong>anulum</strong></span> <span class='ocrx_word' id='word_1_423' title='bbox 1410 4584 1444 4646; x_wconf 89' lang='lat' dir='ltr'><strong>et</strong></span> <span class='ocrx_word' id='word_1_424' title='bbox 1457 4577 1605 4645; x_wconf 66' lang='lat' dir='ltr'><strong>mmlum</strong></span> <span class='ocrx_word' id='word_1_425' title='bbox 1626 4579 1836 4662; x_wconf 71' lang='lat' dir='ltr'><strong>pastoralem</strong></span> <span class='ocrx_word' id='word_1_426' title='bbox 1858 4598 1930 4646; x_wconf 90' lang='lat' dir='ltr'><strong>cum</strong></span> <span class='ocrx_word' id='word_1_427' title='bbox 1944 4596 2009 4646; x_wconf 89' lang='lat' dir='ltr'><strong>uon</strong></span> 
     </span>
     <span class='ocr_line' id='line_1_42' title="bbox 466 4673 2010 4767; baseline 0.003 -21"><span class='ocrx_word' id='word_1_428' title='bbox 466 4673 523 4746; x_wconf 83' lang='lat' dir='ltr'><strong>boe</strong></span> <span class='ocrx_word' id='word_1_429' title='bbox 541 4699 581 4748; x_wconf 84' lang='lat' dir='ltr'><strong>ex</strong></span> <span class='ocrx_word' id='word_1_430' title='bbox 601 4683 774 4751; x_wconf 83' lang='lat' dir='ltr'><strong>ambitione</strong></span> <span class='ocrx_word' id='word_1_431' title='bbox 794 4683 912 4752; x_wconf 83' lang='lat' dir='ltr'><strong>iactum</strong></span> <span class='ocrx_word' id='word_1_432' title='bbox 935 4685 1045 4765; x_wconf 83' lang='lat' dir='ltr'><strong>inerit,</strong></span> <span class='ocrx_word' id='word_1_433' title='bbox 1067 4683 1122 4750; x_wconf 87' lang='lat' dir='ltr'><strong>sed</strong></span> <span class='ocrx_word' id='word_1_434' title='bbox 1143 4683 1278 4750; x_wconf 80' lang='lat' dir='ltr'><strong>mucela</strong></span> <span class='ocrx_word' id='word_1_435' title='bbox 1315 4681 1396 4750; x_wconf 82' lang='lat' dir='ltr'><strong>Cum</strong></span> <span class='ocrx_word' id='word_1_436' title='bbox 1417 4681 1502 4748; x_wconf 88' lang='lat' dir='ltr'><strong>enim</strong></span> <span class='ocrx_word' id='word_1_437' title='bbox 1521 4681 1587 4748; x_wconf 84' lang='lat' dir='ltr'><strong>dux</strong></span> <span class='ocrx_word' id='word_1_438' title='bbox 1607 4681 1823 4767; x_wconf 88' lang='lat' dir='ltr'><strong>episcopatum</strong></span> <span class='ocrx_word' id='word_1_439' title='bbox 1841 4700 2010 4750; x_wconf 74' lang='lat' dir='ltr'><strong>consumm-</strong></span> 
     </span>
     <span class='ocr_line' id='line_1_43' title="bbox 467 4779 2009 4871; baseline 0.005 -25"><span class='ocrx_word' id='word_1_440' title='bbox 467 4779 508 4846; x_wconf 85' lang='lat' dir='ltr'><strong>rit</strong></span> <span class='ocrx_word' id='word_1_441' title='bbox 526 4801 584 4867; x_wconf 92' lang='lat' dir='ltr'><strong>pro</strong></span> <span class='ocrx_word' id='word_1_442' title='bbox 604 4804 663 4852; x_wconf 80' lang='lat' dir='ltr'><strong>sua</strong></span> <span class='ocrx_word' id='word_1_443' title='bbox 683 4786 848 4855; x_wconf 69' lang='lat' dir='ltr'><strong>volunute</strong></span> <span class='ocrx_word' id='word_1_444' title='bbox 869 4787 1010 4855; x_wconf 78' lang='lat' dir='ltr'><strong>conferre</strong></span> <span class='ocrx_word' id='word_1_445' title='bbox 1031 4786 1173 4871; x_wconf 77' lang='lat' dir='ltr'><strong>insigmis</strong></span> <span class='ocrx_word' id='word_1_446' title='bbox 1195 4785 1373 4852; x_wconf 88' lang='lat' dir='ltr'><strong>huiusmodi</strong></span> <span class='ocrx_word' id='word_1_447' title='bbox 1389 4783 1574 4866; x_wconf 67' lang='lat' dir='ltr'><strong>mignenia,</strong></span> <span class='ocrx_word' id='word_1_448' title='bbox 1606 4784 1649 4851; x_wconf 82' lang='lat' dir='ltr'><strong>ad</strong></span> <span class='ocrx_word' id='word_1_449' title='bbox 1675 4784 1854 4854; x_wconf 87' lang='lat' dir='ltr'><strong>huiusmodi</strong></span> <span class='ocrx_word' id='word_1_450' title='bbox 1879 4804 2009 4854; x_wconf 72' lang='lat' dir='ltr'><strong>eousoe·</strong></span> 
     </span>
     <span class='ocr_line' id='line_1_44' title="bbox 467 4883 2011 4976; baseline 0.001 -21"><span class='ocrx_word' id='word_1_451' title='bbox 467 4883 603 4955; x_wconf 69' lang='lat' dir='ltr'><strong>tudinem</strong></span> <span class='ocrx_word' id='word_1_452' title='bbox 634 4889 730 4956; x_wconf 90' lang='lat' dir='ltr'><strong>immo</strong></span> <span class='ocrx_word' id='word_1_453' title='bbox 761 4891 972 4975; x_wconf 84' lang='lat' dir='ltr'><strong>corruptelam</strong></span> <span class='ocrx_word' id='word_1_454' title='bbox 1005 4891 1112 4976; x_wconf 87' lang='lat' dir='ltr'><strong>potins</strong></span> <span class='ocrx_word' id='word_1_455' title='bbox 1140 4890 1325 4957; x_wconf 65' lang='grc' dir='ltr'><strong>αἰωῑωᾱω</strong></span> <span class='ocrx_word' id='word_1_456' title='bbox 1352 4907 1449 4974; x_wconf 90' lang='lat' dir='ltr'><strong>super</strong></span> <span class='ocrx_word' id='word_1_457' title='bbox 1468 4888 1573 4957; x_wconf 87' lang='lat' dir='ltr'><strong>altare</strong></span> <span class='ocrx_word' id='word_1_458' title='bbox 1605 4890 1710 4973; x_wconf 83' lang='lat' dir='ltr'><strong>positu</strong></span> <span class='ocrx_word' id='word_1_459' title='bbox 1726 4889 2011 4976; x_wconf 76' lang='lat' dir='ltr'><strong>lueruntimignia</strong></span> 
     </span>
     <span class='ocr_line' id='line_1_45' title="bbox 467 4989 2010 5078; baseline 0.003 -20"><span class='ocrx_word' id='word_1_460' title='bbox 467 4989 656 5073; x_wconf 64' lang='lat' dir='ltr'><strong>amantea,</strong></span> <span class='ocrx_word' id='word_1_461' title='bbox 692 5010 734 5060; x_wconf 92' lang='lat' dir='ltr'><strong>ue</strong></span> <span class='ocrx_word' id='word_1_462' title='bbox 764 4992 806 5060; x_wconf 87' lang='lat' dir='ltr'><strong>ad</strong></span> <span class='ocrx_word' id='word_1_463' title='bbox 839 4993 897 5060; x_wconf 86' lang='lat' dir='ltr'><strong>illa</strong></span> <span class='ocrx_word' id='word_1_464' title='bbox 916 4993 981 5060; x_wconf 85' lang='lat' dir='ltr'><strong>dux</strong></span> <span class='ocrx_word' id='word_1_465' title='bbox 1000 5011 1114 5060; x_wconf 82' lang='lat' dir='ltr'><strong>maurus</strong></span> <span class='ocrx_word' id='word_1_466' title='bbox 1134 4992 1321 5074; x_wconf 67' lang='lat' dir='ltr'><strong>estamdeum</strong></span> <span class='ocrx_word' id='word_1_467' title='bbox 1353 4991 1538 5060; x_wconf 85' lang='lat' dir='ltr'><strong>electionem</strong></span> <span class='ocrx_word' id='word_1_468' title='bbox 1560 4992 1676 5076; x_wconf 86' lang='lat' dir='ltr'><strong>ipsam,</strong></span> <span class='ocrx_word' id='word_1_469' title='bbox 1711 5011 1774 5078; x_wconf 87' lang='lat' dir='ltr'><strong>que</strong></span> <span class='ocrx_word' id='word_1_470' title='bbox 1794 4992 1911 5061; x_wconf 75' lang='lat' dir='ltr'><strong>fuidcur</strong></span> <span class='ocrx_word' id='word_1_471' title='bbox 1932 4999 2010 5063; x_wconf 80' lang='lat' dir='ltr'><strong>une</strong></span> 
     </span>
    </p>
   </div>
   <div class='ocr_carea' id='block_1_5' title="bbox 360 5086 2008 5181">
    <p class='ocr_par' dir='ltr' id='par_1_6' title="bbox 360 5086 2008 5181">
     <span class='ocr_line' id='line_1_46' title="bbox 360 5086 2008 5181; baseline 0.003 -21"><span class='ocrx_word' id='word_1_472' title='bbox 360 5153 365 5160; x_wconf 87' lang='lat'>.</span> <span class='ocrx_word' id='word_1_473' title='bbox 467 5086 2008 5181; x_wconf 50' lang='lat' dir='ltr'><strong>ammonemusmmmmpmmmoepmmmunmmmeameaa</strong></span> 
     </span>
    </p>
   </div>
   <div class='ocr_carea' id='block_1_6' title="bbox 467 5198 2011 5390">
    <p class='ocr_par' dir='ltr' id='par_1_7' title="bbox 467 5198 2011 5390">
     <span class='ocr_line' id='line_1_47' title="bbox 468 5198 2009 5285; baseline 0.007 -27"><span class='ocrx_word' id='word_1_474' title='bbox 468 5199 742 5283; x_wconf 67' lang='lat' dir='ltr'><strong>nuperrigcnte</strong></span> <span class='ocrx_word' id='word_1_475' title='bbox 763 5200 1041 5285; x_wconf 80' lang='lat' dir='ltr'><strong>reeepitucrlux</strong></span> <span class='ocrx_word' id='word_1_476' title='bbox 1060 5201 1118 5267; x_wconf 86' lang='lat' dir='ltr'><strong>illa</strong></span> <span class='ocrx_word' id='word_1_477' title='bbox 1136 5199 1311 5284; x_wconf 87' lang='lat' dir='ltr'><strong>precipiens</strong></span> <span class='ocrx_word' id='word_1_478' title='bbox 1330 5198 2009 5284; x_wconf 70' lang='lat' dir='ltr'><strong>somniumcensueunlinnnsiuiuaucre,</strong></span> 
     </span>
     <span class='ocr_line' id='line_1_48' title="bbox 467 5291 2011 5390; baseline 0.006 -22"><span class='ocrx_word' id='word_1_479' title='bbox 467 5291 617 5369; x_wconf 66' lang='lat' dir='ltr'><strong>dream</strong></span> <span class='ocrx_word' id='word_1_480' title='bbox 646 5301 790 5370; x_wconf 71' lang='lat' dir='ltr'><strong>abnuam</strong></span> <span class='ocrx_word' id='word_1_481' title='bbox 833 5303 1421 5390; x_wconf 81' lang='lat' dir='ltr'><strong>Proposuitiusuperdictuacuutor,</strong></span> <span class='ocrx_word' id='word_1_482' title='bbox 1453 5302 2011 5388; x_wconf 80' lang='lat' dir='ltr'><strong>qnatmmelectionisdccreum</strong></span> 
     </span>
    </p>
   </div>
   <div class='ocr_carea' id='block_1_7' title="bbox 0 0 2300 6240">
    <p class='ocr_par' dir='ltr' id='par_1_8' title="bbox 0 0 2300 6240">
     <span class='ocr_line' id='line_1_49' title="bbox 0 0 2300 6240; baseline 0 0"><span class='ocrx_word' id='word_1_483' title='bbox 0 0 2300 6240; x_wconf 95' lang='lat' dir='ltr'><strong> </strong></span> 
     </span>
    </p>
   </div>
  </div>
 </body>
</html>
