4574 6240
137 2954 155 2996 b
189 2927 191 2931 .

137 3064 158 3110 p.

137 3164 160 3213 Β

137 3269 161 3316 p.

137 3371 161 3419 q.

137 3454 163 3522 i·

137 3559 165 3627 ri

137 3662 166 3729 is

137 3784 168 3833 Ιι·

137 3868 168 3936 1.

137 3990 170 4039 e.

137 4093 172 4159 p.

137 4195 171 4245 ο.

137 4283 173 4349 ’,0.

137 4402 175 4452 Q.

137 4485 176 4553 ab

137 4608 177 4657 di·

144 4697 179 4760 et

137 4814 184 5378 *33:³5ssss

1969 333 2016 407 tt

477 548 556 629 dini,
577 545 611 612 in
632 542 745 626 quibus
767 543 796 609 ei
818 538 1021 608 confirmatur
1042 537 1207 622 iuteqnitus
1229 537 1419 605 decimarum
1441 535 1481 603 de
1503 535 1596 602 terris
1616 535 1682 601 suis
1701 539 1735 601 ct
1752 532 1944 615 hominibus,
1965 552 2020 619 pe-

478 648 606 725 cudibus
628 666 665 714 ec
686 645 842 712 iumentis.
875 643 921 709 Et
946 643 1021 726 quia
1047 641 1130 724 quod
1152 641 1218 708 Deo
1239 641 1377 708 dicatum
1397 646 1448 706 est
1475 657 1539 705 non
1558 637 1618 704 nisi
1639 637 1753 704 divinis
1774 637 1895 722 legibus
1915 635 2020 705 subit·

478 773 547 829 oere
564 750 673 832 debet,
695 748 810 816 idcirco
832 747 1009 830 quicunque
1029 745 1184 826 homines,
1207 744 1419 836 cuiuscunque
1438 741 1627 808 condicionis
1646 740 1695 808 vel
1715 741 1828 824 gentis,
1850 739 2019 826 possessio·

480 876 534 930 nm
554 853 647 921 huius
669 850 789 920 cenobii
820 849 976 917 coluerint
1006 848 1056 915 vel
1077 867 1172 933 super
1193 866 1247 914 eas
1268 845 1479 914 habitaverint
1498 864 1556 930 per
1576 843 1723 913 abbatem
1742 844 1777 910 in
1797 844 1843 911 eis
1864 841 2019 927 cobooeti,

479 961 542 1032 sire
562 954 673 1023 Poloni
694 955 760 1021 sint
776 953 842 1021 sivo
863 951 1046 1020 Thootouici
1067 952 1116 1019 rcl
1138 950 1268 1031 Gallici,
1302 951 1514 1032 cuiuscunque
1535 949 1633 1016 eciam
1654 949 1749 1030 iuris,
1782 946 1823 1014 ab
1843 946 1930 1014 omni
1950 946 2020 1014 iure

478 1058 622 1133 Polonicc
643 1057 711 1124 eine
731 1056 915 1140 exceptione
936 1054 1043 1138 alique
1061 1060 1095 1120 et
1114 1052 1155 1121 ab
1177 1053 1320 1119 omnibus
1341 1052 1495 1134 serviciis,
1524 1051 1776 1119 asolucionibus
1796 1056 1831 1119 et
1850 1049 2021 1119 exactioni·
2112 1055 2115 1060 '

478 1166 535 1234 bus
569 1178 607 1228 uc
639 1157 842 1244 vectigalibus
865 1158 1038 1240 cuicunque
1057 1157 1244 1239 debeuutur,
1277 1157 1344 1223 sive
1372 1156 1506 1241 principi
1526 1157 1593 1224 sive
1613 1155 1793 1223 castellanis
1813 1154 1863 1222 cel
1884 1152 2021 1239 supariis

477 1266 556 1348 eliis,
577 1262 642 1330 sint
663 1261 695 1329 in
716 1265 903 1346 perpetuum
922 1260 1013 1328 liberi
1034 1267 1068 1327 et
1087 1260 1233 1345 exempti,
1256 1278 1313 1327 nec
1335 1266 1487 1345 cogantur
1508 1259 1653 1344 cuiquam
1673 1259 1767 1326 elteri
1787 1258 1848 1327 nisi
1865 1257 1974 1326 meari
1987 1259 2045 1327 et'
2144 1322 2147 1329 .

477 1370 541 1441 mis
571 1365 723 1434 iratribus
753 1365 869 1449 aliquit
898 1364 1019 1432 solvere
1048 1365 1098 1432 rel
1129 1365 1293 1432 servicium
1326 1364 1454 1449 aliquod
1474 1363 1630 1432 exhibere.
1656 1362 1755 1429 Porro
1775 1367 1844 1429 tota
1864 1360 2020 1448 possessio

477 1488 583 1544 eorum
604 1468 819 1552 omniumque
839 1486 923 1535 nunc
944 1475 1019 1536 sunt
1036 1475 1071 1537 et
1091 1470 1124 1536 in
1144 1468 1285 1536 futurum
1306 1475 1414 1550 erunt,
1436 1473 1503 1535 tem
1525 1469 1559 1534 in
1581 1466 1697 1552 prediis
1719 1484 1814 1551 quam
1832 1464 2020 1554 hominibus,

477 1570 598 1646 ebbath
618 1577 653 1639 et
672 1571 894 1639 monachorum
915 1570 1109 1640 solummodo
1130 1573 1193 1639 erit
1212 1578 1308 1656 atque
1328 1571 1467 1652 dicetnr3
1496 1571 1572 1656 quie
1599 1569 1695 1637 michi
1727 1587 1781 1636 coe
1801 1567 1937 1636 ssumu
1956 1586 2021 1638 non

478 1693 534 1766 pro
555 1679 680 1743 terreno
700 1674 847 1757 mucio,
879 1693 938 1743 nec
958 1693 1015 1760 pro
1034 1674 1180 1759 agricolis
1201 1674 1279 1741 meis
1299 1673 1349 1741 rel
1368 1673 1593 1757 structoribus,
1615 1672 1671 1741 sed
1692 1692 1750 1757 pro
1771 1671 1923 1740 litteratis
1942 1669 2020 1739 diri·

478 1795 588 1850 norum
609 1776 854 1846 celebratoribus
874 1777 1099 1861 celestiumque
1119 1775 1416 1862 contemplatoribus
1437 1783 1472 1844 et
1491 1775 1667 1844 oratoribus
1688 1775 1766 1843 meis
1783 1774 1825 1843 ed
1844 1773 1963 1857 Deum,
1982 1791 2022 1843 eo

477 1899 533 1972 pro
553 1886 720 1967 parentum
737 1901 878 1950 meorum
897 1887 932 1950 et
952 1881 1132 1967 sequacium
1154 1881 1299 1948 liliorum
1320 1879 1436 1948 Omnes
1456 1880 1585 1965 insuper
1613 1879 1755 1947 homines
1775 1878 1809 1945 in
1829 1878 1922 1946 bonis
1935 1876 2021 1947 cleu·

477 1985 536 2056 stri
555 1989 794 2068 commorantes,
817 1984 1029 2068 cuiuscunque
1047 1984 1114 2050 sint
1133 1983 1237 2067 gente
1258 1980 1308 2049 vel
1329 1981 1529 2067 condicionis,
1552 1988 1618 2050 tem
1636 1982 1755 2068 posteri
1777 2000 1872 2067 quarn
1892 1999 2021 2067 presen-

478 2096 535 2172 (ω,
555 2086 644 2157 nulla
664 2093 769 2156 castre
786 2087 838 2156 eei
849 2088 1041 2156 municiones
1055 2087 1236 2154 'tenbuntur
1256 2086 1401 2171 cuiquem
1422 2091 1613 2168 construere,
1633 2084 1790 2170 nequead
1804 2084 2020 2170 expediciones

477 2192 597 2277 aliques
609 2195 701 2260 extra
713 2195 831 2259 terram
845 2190 902 2275 ire,
923 2210 1026 2275 neque
1045 2191 1087 2258 ad
1106 2190 1166 2257 hec
1186 2187 1408 2256 subventiones
1421 2188 1545 2274 aliquas
1558 2188 1738 2256 ministrare
1750 2189 1785 2256 in
1797 2179 1944 2273 vecturis,
1965 2207 2020 2276 pe-

477 2294 577 2378 cunia,
598 2292 762 2380 pecoribus
775 2300 834 2362 aut
846 2295 989 2376 sunonis,
1011 2293 1077 2362 sire
1091 2293 1193 2362 coloni
1207 2294 1272 2360 sint
1285 2310 1341 2360 eeu
1361 2291 1480 2360 iudices
1500 2291 1549 2359 rel
1570 2290 1731 2360 scholteti:
1754 2296 1804 2360 set
1824 2291 1927 2360 medio
1941 2296 2022 2362 tern-
2100 2365 2104 2371 ,

477 2415 552 2484 pore
578 2396 620 2465 sd
636 2397 802 2492 mucium
822 2396 946 2465 abbatis
966 2402 1001 2465 et
1021 2396 1152 2464 ebusui
1171 2395 1302 2464 stabunt
1323 2413 1431 2464 omnes
1459 2395 1494 2462 in
1520 2394 1657 2480 propriis
1677 2395 1838 2478 expensis,
1868 2395 2023 2481 quidquid

477 2499 553 2586 ipsis
573 2506 755 2586 preceptum
774 2498 870 2568 fuerit
890 2499 1071 2568 laborando.
1104 2497 1140 2567 Si
1159 2515 1234 2567 vero
1255 2498 1422 2582 contigerit
1441 2497 1589 2566 hostilem
1609 2497 1783 2566 exercitum
1803 2505 1922 2567 ten-ram
1941 2497 2023 2589 velle

476 2601 606 2688 ingredi,
628 2609 705 2671 tnnc
724 2602 827 2671 coloni
847 2600 1137 2671 muliereculis
1157 2599 1290 2687 pedites,
1322 2599 1470 2669 schoiteti
1491 2600 1629 2684 equites,
1660 2599 1703 2668 ed
1723 2619 1918 2670 communem
1939 2608 2023 2671 terre

476 2703 684 2780 defenderem
702 2706 869 2792 procedere
889 2705 1088 2774 tenebuntur.
1123 2704 1277 2773 lurhcium
1299 2703 1519 2773 nichilominus
1527 2702 1580 2771 de
1601 2703 1688 2771 omni
1709 2722 1819 2788 muse,
1848 2709 1916 2774 tam
1936 2706 2021 2792 cupi-

478 2807 534 2877 tali
553 2826 649 2894 quam
668 2827 791 2892 monus,
827 2809 969 2878 totaliter
989 2809 1097 2878 ebbati
1117 2807 1177 2891 do,
1210 2813 1249 2874 nt
1278 2807 1347 2892 ipse
1379 2825 1437 2892 per
1464 2806 1583 2874 iudices
1611 2824 1686 2875 suos
1715 2812 1783 2876 tem
1815 2807 2022 2879 theotonicos

476 2928 570 2999 quum
590 2911 735 2995 Polonos,
756 2912 842 2981 omni
861 2913 1037 2997 querelanti
1057 2912 1214 2979 iusticiam
1234 2909 1331 2977 ieciut
1350 2909 1384 2977 in
1402 2907 1546 2995 quolibet
1563 2909 1643 2992 iure,
1655 2981 1658 2988 ,
1669 2916 1736 2978 tem
1756 2910 1823 2978 suis
1843 2910 2022 2996 hominibus
2078 2898 2080 2903 Α

477 3032 570 3100 quem
590 3015 716 3097 alienis;
751 3021 785 3084 et
804 3016 957 3102 quidquid
978 3017 1051 3085 inde
1072 3014 1241 3084 solucionis
1261 3012 1415 3094 evenerit,
1443 3017 1508 3080 tem
1530 3031 1588 3098 pro
1606 3011 1708 3099 culpis
1728 3031 1823 3100 quern
1843 3033 1902 3100 pro
1921 3014 2022 3102 penis,

477 3117 536 3186 hoc
552 3117 675 3186 abbatis
696 3123 730 3187 et
743 3136 871 3186 suorum
888 3119 1027 3187 iudicum
1049 3124 1152 3186 totum
1173 3118 1257 3200 erit!
1278 3115 1314 3184 Si
1333 3134 1408 3184 cero
1428 3115 1537 3202 elique
1557 3135 1653 3184 curse
1671 3121 1739 3185 tam
1759 3116 1897 3196 difficilia
1916 3117 2023 3212 inerit,

477 3221 527 3289 vel
546 3220 679 3290 adonius
699 3222 859 3307 protervis
878 3240 936 3290 seu
956 3221 1101 3307 potencie
1120 3219 1240 3303 iecerit,
1261 3218 1346 3305 quod
1367 3218 1474 3287 debito
1495 3218 1588 3287 modo
1608 3238 1667 3305 per
1686 3219 1806 3290 iudices
1826 3220 1951 3291 abbads
1967 3220 2024 3291 de·

478 3324 639 3397 terminsri
659 3343 723 3392 non
741 3324 852 3409 possit,
873 3331 951 3393 tunc
968 3323 1010 3392 ed
1030 3325 1149 3391 curiam
1168 3342 1270 3391 meam
1288 3322 1338 3390 vel
1358 3322 1510 3407 principis
1528 3328 1613 3390 terre
1633 3321 1803 3405 deferetur,
1823 3325 1858 3390 in
1879 3325 2022 3409 proximo

478 3432 582 3493 castro
602 3445 667 3500 non
687 3425 749 3492 nisi
770 3444 877 3495 coram
896 3446 949 3494 me
969 3426 1019 3493 vel
1039 3426 1180 3511 principe
1201 3432 1285 3493 terre
1304 3424 1482 3508 iudicanda,
1515 3430 1549 3492 et
1577 3443 1615 3492 eo
1641 3425 1720 3508 inre,
1755 3445 1818 3511 quo
1849 3427 1878 3494 is
1899 3427 1955 3511 qui
1974 3426 2023 3495 in·

480 3528 599 3612 petitur
615 3527 774 3610 residebit,
795 3529 861 3597 sire
879 3530 924 3597 sit
943 3528 1152 3597 Theotonicus
1173 3534 1230 3596 aut
1246 3527 1394 3610 Polonus,
1415 3527 1465 3594 vel
1485 3527 1696 3611 cuiuscunque
1716 3531 1820 3613 gentis
1840 3547 1898 3598 seu
1917 3529 2025 3606 condi·

480 3628 590 3712 cionis;
611 3631 660 3699 ita
679 3631 864 3726 dumtaxat,
897 3632 982 3717 quod
1003 3630 1154 3717 quidquid
1175 3633 1306 3716 pecunie
1326 3631 1377 3699 vel
1396 3649 1502 3698 rerum
1526 3631 1567 3698 de
1585 3646 1773 3717 quoeunque
1792 3631 1919 3702 homine
1939 3633 2025 3702 cleu·

480 3732 539 3800 etri
557 3751 616 3818 pru
637 3733 800 3819 culparum
818 3734 868 3802 vel
889 3753 1040 3820 penerum
1061 3734 1170 3802 cedere
1189 3734 1334 3802 debuerit
1352 3733 1548 3802 redemcione
1567 3734 1664 3803 iudici
1684 3734 1734 3802 vel
1753 3735 1841 3820 mihi,
1873 3736 1924 3804 uel
1937 3736 2024 3824 prin·

481 3833 541 3919 cipi
553 3835 604 3903 vel
617 3837 760 3921 supariis,
792 3843 896 3905 totum
916 3837 1013 3905 solius
1034 3836 1157 3905 abbatis
1178 3839 1250 3905 erit
1279 3837 1347 3905 Nec
1366 3837 1534 3922 quisquam
1555 3836 1717 3906 hominurn
1738 3839 1867 3907 christri
1888 3860 1946 3927 per
1964 3841 2023 3910 ali·

483 3952 574 4020 quem
594 3957 723 4006 suorum
744 3941 942 4025 complicium
961 3940 1182 4008 moechorum
1202 3942 1380 4027 quempiam
1398 3941 1490 4008 citeri
1510 3940 1604 4010 debet
1621 3941 1663 4009 ad
1682 3961 1784 4010 meam
1805 3943 1855 4010 vel
1873 3944 2023 4029 principis

482 4037 529 4104 rel
559 4038 694 4109 aliorum
725 4061 982 4128 quorumcunque
998 4042 1137 4112 iudicum
1157 4045 1360 4130 presencium,
1392 4044 1454 4110 nisi
1474 4043 1556 4113 iorte
1584 4045 1645 4114 sibi
1666 4047 1843 4131 querelanti
1864 4067 1922 4132 per
1941 4049 2021 4116 iudi·

483 4156 534 4210 tes
554 4143 678 4213 abbatis
698 4146 795 4215 fuerit
816 4149 940 4214 iustitio
956 4149 1125 4233 denegata,
1158 4167 1259 4233 neque
1280 4148 1325 4216 sic
1347 4148 1536 4233 respondere
1556 4148 1730 4232 tenebitur,
1761 4149 1824 4217 nisi
1844 4168 1902 4235 per
1922 4169 2024 4221 meam

481 4250 537 4312 aut
552 4248 702 4334 principis
723 4251 848 4318 literam
869 4257 1031 4335 evocatus,
1060 4271 1118 4320 suo
1140 4259 1246 4319 tumen
1267 4254 1335 4319 iure
1355 4253 1389 4318 in
1407 4270 1471 4336 quo
1492 4253 1610 4319 residet
1629 4271 1844 4337 responsums,
1866 4253 2024 4325 solucione

465 4345 641 4434 ,culparnn
654 4353 1055 4442 etpenarumadabbatem
1076 4357 1215 4442 plenurie
1235 4356 1420 4439 pertinente.
1444 4354 1539 4422 Ourie
1560 4374 1684 4442 quoque
1706 4356 1849 4440 claustri,
1868 4362 2026 4443 quotquot

482 4443 605 4538 hamt,
627 4473 699 4523 cum
719 4456 862 4524 omnibus
883 4459 1085 4542 pertinenciis
1104 4457 1244 4542 ipsarum
1264 4465 1298 4525 et
1317 4457 1455 4540 tamus,
1484 4458 1805 4544 omni'suprascripte
1824 4459 1971 4529 fruantur
1990 4467 2025 4530 et

482 4551 637 4634 mudoent
656 4557 813 4627 libertate.
845 4557 913 4626 Inm
934 4578 1008 4627 vero
1029 4558 1226 4628 subnectitur
1247 4561 1299 4627 hic
1320 4560 1525 4645 possessionis
1546 4561 1729 4648 descripcio.
1751 4562 1878 4631 Lubens
1899 4571 1933 4632 et
1948 4564 2025 4632 etti·

483 4657 1155 4732 uendeeiusetterminicirceodmmet
1176 4665 1270 4747 ultra,
1293 4665 1446 4731 transitus
1467 4663 1554 4731 fluvii
1574 4665 1714 4733 eiusdem
1735 4685 1806 4734 cum
1826 4666 1921 4735 neulo
1942 4668 2027 4736 circe

484 4750 622 4844 hebens,
644 4782 715 4830 cum
733 4765 830 4848 silvis,
852 4767 951 4850 egris,
974 4767 1084 4850 pretis,
1107 4767 1241 4851 pascuis
1260 4768 1361 4850 equis,
1383 4767 1620 4852 piscacionibus,
1641 4768 1872 4854 senecionibus,
1895 4770 2024 4839 castori·

483 4853 540 4926 bus
560 4869 594 4930 et
613 4866 777 4935 mellihciis
797 4874 894 4954 atque
915 4868 1110 4952 molendinis,
1130 4888 1201 4936 curn
1218 4869 1358 4939 utilitate
1379 4890 1441 4957 que
1462 4888 1545 4938 nunc
1559 4877 1717 4956 estsuper
1737 4879 1856 4940 terram
1868 4873 1903 4940 in
1926 4874 2026 4941 omni·

483 4954 541 5027 bit
560 4967 676 5049 pretiis
694 4970 825 5038 claustri
845 4977 879 5039 et
899 4990 961 5056 que
981 4970 1040 5039 sub
1061 4978 1147 5040 tenu
1167 4989 1236 5039 esse
1258 4974 1376 5056 poterit
1395 4974 1429 5040 in
1449 4971 1606 5057 futurum,
1632 4975 1712 5042 nulli
1740 4975 1781 5042 de
1808 4975 1858 5043 his
1882 4975 2026 5044 omnibus

484 5057 620 5137 debendo
640 5072 779 5157 aliquam
799 5073 985 5158 portionem.
1018 5073 1099 5142 Item
1125 5074 1256 5142 ecclesio
1277 5077 1379 5144 sancti
1400 5077 1549 5146 Iohannis
1569 5077 1795 5163 Euangeliste,
1831 5078 1934 5163 iorum
1954 5100 2026 5150 cum

485 5170 567 5280 omni
598 5175 736 5244 uditate
767 5183 801 5245 et
832 5179 1017 5246 circuicime
1048 5197 1119 5246 oum
1140 5178 1284 5246 omnibus
1304 5180 1338 5245 in
1359 5199 1398 5248 ea
1418 5181 1498 5248 sitis.
1541 5181 1705 5248 Transitus
1726 5181 1812 5248 tiuvii
1838 5201 1910 5251 cum
1931 5183 2026 5253 naulo

487 5284 568 5339 ettce
585 5273 705 5348 Kotam
725 5287 759 5349 et
779 5281 831 5350 via
850 5282 977 5368 publicu
997 5300 1059 5369 que
1076 5283 1164 5351 ducit
1184 5283 1218 5352 in
1240 5281 1427 5354 Chomezam
1448 5291 1482 5355 et
1495 5284 1619 5354 Novum
1631 5284 1745 5355 iorum
1765 5272 1935 5371 Boquncve
1952 5305 2026 5370 curn

1816 5404 1851 5461 ⁴⁸
