4492 6224
554 287 628 362 200

550 486 678 556 advenit
698 491 733 554 ot
749 486 846 554 nichil
865 484 956 553 lrodic
974 482 1101 552 firmum
1122 503 1160 554 ac
1182 485 1296 552 stabile
1315 491 1382 554 stat
1400 485 1461 553 sub
1475 485 1551 567 sole,
1570 490 1604 552 et
1617 485 1768 569 quoniam
1780 503 1821 552 ea
1834 501 1897 570 que
1909 504 1931 551 a
1943 485 2099 560 modernis
2138 473 2144 484 ’
2168 532 2170 536 »

549 595 697 674 aguntur,
717 588 759 657 ab
780 588 918 656 bumana
938 589 1090 655 mensoria
1110 588 1233 655 facilius
1255 588 1441 656 elabuntur:
1472 605 1600 656 neeesse
1621 593 1671 653 eat
1689 593 1727 653 ut
1747 588 1938 672 scriptorum
1959 594 1994 655 ct
2015 591 2099 673 sigil-

549 689 653 757 lorum
674 691 796 775 pariter
812 696 847 757 et
868 691 997 757 testium
1015 690 1131 758 notitia
1152 696 1186 757 et
1216 691 1395 758 testimonio
1422 691 1665 776 perhennentur.
1712 688 1793 756 Cum
1818 689 1917 774 igitur
1941 707 1980 756 er
2002 690 2100 761 tbelo·

549 809 680 860 aeorum
702 797 736 860 et
757 793 954 860 exactionum
968 791 1201 876 gmvaminibus
1215 792 1410 860 diversamm
1425 810 1487 877 quc
1501 791 1728 859 mercatoribus
1744 798 1844 859 terras
1858 799 1984 859 nostras
1999 798 2099 863 bans·

548 894 696 961 eunbbns
714 894 932 976 occurrebant,
950 895 1033 961 inter
1049 893 1191 960 botulum
1204 900 1328 962 nostros
1343 900 1376 961 et
1389 896 1532 962 homines
1542 893 1728 961 dilectorum
1740 895 1910 961 amicorum
1922 900 2099 966 nostrorum

548 994 773 1064 venerabilium
792 995 927 1062 fratrum
949 995 988 1062 de
1009 995 1102 1063 domo
1123 995 1326 1078 Teutbonica,
1348 998 1382 1064 in
1404 997 1535 1064 Pruscia
1555 996 1624 1062 Deo
1638 995 1855 1077 militantium,
1869 995 2098 1068 dissensionum

548 1098 685 1184 procelle
706 1116 802 1182 quarn
824 1098 928 1182 sepius
951 1097 1108 1164 orirentur
1137 1105 1171 1165 ct
1199 1099 1464 1181 querimoniarum
1497 1098 1642 1168 turbines
1670 1098 1712 1165 ad
1740 1103 1883 1166 nostram
1910 1101 2100 1184 presentium

548 1200 763 1286 quampluries
784 1199 975 1280 deferentur,
998 1199 1105 1266 dolore
1128 1200 1205 1266 tacti
1228 1200 1426 1282 intrinsecus,
1449 1206 1499 1266 tot
1512 1206 1546 1267 et
1561 1205 1669 1268 tantas
1685 1200 1881 1267 turbationes
1900 1219 1963 1285 que
1976 1208 2099 1296 nostros

548 1302 676 1369 auditus
697 1302 816 1368 totiens
834 1300 1019 1383 fatigabant,
1042 1301 1269 1384 quodammodo
1291 1303 1468 1369 curavimus
1491 1302 1618 1370 evitare
1662 1302 1711 1370 Ut
1731 1309 1839 1370 autem
1861 1303 1960 1370 tatius
1980 1304 2100 1374 dissen-
2216 1386 2219 1391 ,

548 1403 647 1472 aionis
668 1410 703 1471 et
723 1403 865 1470 rancoris
886 1403 970 1469 inter
990 1408 1117 1469 nostroe
1134 1410 1169 1470 et
1189 1403 1345 1470 dictorum
1367 1403 1501 1471 fratrum
1523 1403 1665 1472 homines
1680 1405 1779 1472 fornes
1793 1411 1827 1473 et
1840 1406 1975 1473 materia
1996 1409 2100 1490 sopia-

549 1513 613 1588 tur,
634 1505 788 1574 baronum
809 1510 989 1572 nostrorum
1011 1506 1157 1572 similiter
1178 1512 1213 1573 et
1232 1505 1341 1574 fratris
1362 1507 1498 1574 Tiderici
1519 1506 1677 1590 quondam
1701 1507 1866 1596 marscalci
1891 1508 1940 1575 usi
1960 1510 2100 1594 consilio,

548 1608 771 1694 manuscriptis
792 1607 969 1676 bominibus
990 1609 1025 1675 in
1045 1599 1363 1693 reconpensationem
1380 1609 1635 1677 antehabitorum
1657 1610 1876 1693 gravaminum
1903 1611 2038 1694 vectigal
2056 1613 2102 1679 al·

547 1709 732 1778 leriavmus
752 1710 787 1777 in
808 1709 867 1777 bac
888 1715 996 1794 parte:
1026 1709 1147 1776 scilieet
1173 1716 1210 1776 nt
1239 1718 1353 1780 cuneta
1378 1711 1461 1778 bona
1487 1717 1734 1779 memoratorum
1754 1711 1900 1793 fratnrnr,
1917 1713 1984 1780 sive
2004 1712 2101 1781 dedu·

548 1817 664 1880 eantur
683 1811 750 1880 sive
770 1812 939 1897 pellantur,
961 1811 1064 1878 omnis
1085 1811 1226 1896 ipsorum
1247 1811 1366 1879 familia
1387 1814 1522 1895 ipsique,
1545 1821 1611 1879 tarn
1625 1833 1683 1895 per
1697 1821 1800 1879 terras
1821 1831 1918 1894 quam
1932 1832 1990 1895 per
2002 1832 2101 1896 aquas

548 1919 674 1983 neamus
702 1914 802 1982 libero
829 1914 967 1981 transitu
993 1921 1147 1998 perpetuo
1175 1915 1349 1997 pociantur.
1393 1912 1555 1994 Peregrini
1581 1932 1707 1997 quoque
1728 1914 1955 1996 crucesignati,
1977 1916 2102 1997 equites

547 2015 614 2084 aive
625 2015 757 2103 pedites,
769 2015 900 2083 maseuli
915 2015 981 2082 sive
998 2014 1124 2095 femine,
1136 2014 1278 2081 homines
1293 2032 1364 2082 cum
1379 2015 1445 2081 suis
1460 2013 1599 2095 familiis,
1613 2017 1768 2097 curribus,
1784 2015 1948 2099 pecoribus
1961 2034 2017 2083 sen
2028 2019 2099 2101 qui·

550 2118 734 2205 besemque
745 2117 1002 2203 supellectilibus,
1016 2117 1140 2201 equites
1151 2118 1217 2184 sive
1228 2117 1358 2201 pedites,
1375 2123 1476 2184 terras
1490 2114 1685 2198 prefatorum
1706 2117 1840 2184 fratrum
1854 2117 2033 2186 inhabitare
2049 2137 2103 2186 vo·

548 2222 661 2305 lentes,
681 2221 803 2290 intrent
830 2220 896 2287 sive
923 2227 1048 2301 exeant,
1074 2219 1116 2286 ab
1143 2219 1229 2286 omni
1250 2219 1407 2302 theloneo,
1439 2217 1573 2303 pedagio
1603 2221 1638 2286 et
1664 2219 1828 2287 mtiona
1855 2221 1921 2287 sint
1949 2220 2041 2288 liberi
2069 2228 2103 2289 et

547 2325 711 2393 immunes
756 2321 986 2390 Mercatoribus
1006 2327 1115 2388 autem
1140 2339 1215 2406 sepe
1239 2320 1395 2389 dictorum
1424 2321 1570 2402 nanum,
1598 2327 1702 2388 terras
1731 2329 1858 2390 nostras
1888 2325 2026 2390 transire
2041 2323 2102 2391 vel

548 2428 582 2495 in
603 2427 680 2513 ipsis
702 2426 860 2510 negotiari
879 2424 1067 2507 volentibus,
1090 2425 1171 2491 banc
1191 2425 1326 2509 gratiam
1344 2424 1538 2492 decrevimus
1560 2423 1754 2507 faciendam,
1776 2430 1815 2492 ut
1836 2443 1894 2510 per
1914 2430 2017 2493 totam
2039 2430 2102 2493 ter·

547 2547 617 2598 ram
637 2533 790 2609 nostram,
812 2544 851 2593 ea
871 2527 924 2594 via
941 2525 1091 2593 videlicet
1118 2543 1180 2609 que
1207 2525 1294 2592 ducit
1321 2544 1341 2594 a
1371 2524 1580 2592 wladizbvia
1607 2545 1718 2595 versus
1746 2527 1863 2608 Gubin,
1893 2545 1957 2595 non
1983 2528 2045 2594 nisi
2069 2528 2102 2595 in

548 2630 689 2713 Gnmna,
710 2631 743 2697 in
763 2629 891 2696 mom
912 2630 999 2697 etin
1019 2627 1163 2696 Bancbia
1185 2628 1331 2697 tbelonea
1351 2629 1417 2696 sint
1445 2629 1562 2697 datrrri.
1607 2629 1674 2709 Qua
1706 2635 1814 2699 autem
1845 2649 1970 2698 summa
2000 2629 2102 2698 thelo-

548 2753 679 2804 neorum
700 2732 763 2801 biis
777 2733 811 2799 in
832 2731 910 2800 locis
930 2732 1001 2799 dari
1018 2732 1143 2814 debeat,
1166 2730 1387 2815 distinguimus
1407 2730 1470 2798 isto
1492 2730 1594 2799 modo.
1640 2729 1761 2800 Cumas
1781 2749 1893 2816 gerens
1917 2750 2039 2817 pannos
2064 2732 2104 2800 de

549 2838 643 2907 nnius
663 2836 737 2921 equi
765 2837 906 2918 sarcina,
933 2835 966 2902 in
988 2833 1119 2902 Gnearm
1140 2834 1219 2901 duos
1240 2839 1344 2901 scotos
1365 2832 1538 2902 castellano
1560 2832 1650 2902 dabit
1670 2841 1705 2902 et
1722 2835 1854 2902 totidem
1869 2837 2022 2920 magistro
2036 2853 2103 2902 mo·

549 2946 634 3010 nete.
677 2938 741 3008 Sed
757 2939 785 3007 si
802 2936 924 3006 nobiles
945 2955 1077 3024 panum,
1105 2937 1200 3004 sicuti
1225 2935 1392 3004 brunetum
1412 2935 1463 3003 vel
1483 2936 1584 3003 viride
1603 2936 1655 3003 vel
1681 2937 1778 3004 etiam
1799 2937 1970 3005 scarletum
1991 2942 2101 3021 porta·

548 3043 640 3126 verit,
662 3041 703 3110 de
724 3045 793 3109 toto
819 3040 963 3125 plaustro
990 3058 1089 3107 unam
1114 3038 1246 3124 caligale
1273 3037 1323 3104 vel
1351 3037 1517 3106 dimidium
1544 3037 1699 3107 fertonem
1728 3039 1843 3108 adiciet
1870 3034 2044 3108 ¹castellano
2069 3045 2103 3108 e't

550 3144 673 3233 pondos
705 3145 799 3211 unios
826 3160 933 3211 marea
960 3143 1087 3228 piperis.
1132 3141 1295 3224 Quotquot
1322 3158 1397 3208 vero
1422 3140 1495 3224 cqrri
1524 3138 1652 3225 fuerint,
1681 3141 1722 3209 de
1750 3141 1891 3226 quolibet
1916 3159 1998 3226 equo
2023 3141 2103 3209 duos

549 3252 655 3316 scotos
681 3245 853 3316 castellano
879 3243 968 3312 dabit
994 3249 1028 3312 et
1052 3244 1132 3312 duos
1158 3243 1342 3310 monetario.
1385 3240 1449 3310 Sed
1472 3243 1501 3311 ai
1524 3242 1595 3310 loca
1620 3243 1764 3328 predicta
1787 3243 1937 3312 vitaverit
1964 3250 1998 3311 et
2022 3244 2104 3312 alias

549 3348 713 3418 mandem
732 3351 928 3430 attemptans
949 3344 1162 3413 thelonearios
1182 3342 1379 3426 debendam,
1401 3350 1435 3412 et
1449 3343 1478 3411 si
1491 3344 1705 3428 deprehensns
1726 3344 1833 3429 merit,
1854 3363 1950 3412 unam
1965 3363 2104 3413 marcam

448 3503 452 3509 .
548 3451 672 3536 argenti
693 3449 795 3518 solvet
814 3449 920 3534 ipsum
938 3466 1063 3533 quoque
1084 3447 1266 3515 theloneum
1286 3446 1486 3531 superaddet
1521 3446 1556 3515 si
1577 3453 1685 3516 autern
1707 3447 1811 3516 dietus
1833 3465 1945 3542 carrus
1964 3447 2005 3515 de
2026 3466 2104 3531 qna·

548 3552 642 3622 litate
662 3568 837 3638 munorum
858 3549 954 3618 faerit
973 3550 1154 3633 requisitus,
1183 3549 1252 3634 ipsa
1280 3550 1326 3617 rai
1354 3549 1523 3617 veritatem
1553 3548 1772 3631 confitebitur;
1794 3549 1846 3616 cui
1866 3549 1895 3617 si
1916 3548 2104 3616 thelonearii

549 3655 677 3726 medere
696 3654 867 3736 noluerint,
888 3653 1054 3721 veritatem
1083 3651 1255 3720 affirmabit
1280 3651 1466 3719 iuramento.
1512 3651 1632 3720 curras
1661 3651 1760 3719 etiam
1788 3655 1919 3736 portans
1947 3652 2046 3718 salem
2065 3651 2105 3717 de

548 3757 643 3826 nnius
664 3756 737 3842 equi
758 3755 893 3836 sarcina,
921 3773 1019 3821 unum
1048 3755 1185 3822 cribrum
1207 3760 1357 3838 equatum
1385 3756 1531 3838 superius
1557 3754 1649 3823 dabit
1667 3755 1860 3836 monetario,
1883 3771 2018 3838 quorum
2040 3753 2105 3820 tria

549 3857 712 3928 maulam
732 3874 913 3924 mensuram
934 3855 1067 3940 siliginis
1092 3854 1293 3940 adimplebit3
1326 3874 1424 3923 unum
1449 3856 1539 3924 dabit
1565 3856 1664 3924 etiam
1692 3855 1875 3938 castellano,
1901 3855 1941 3922 de
1962 3854 2106 3940 quolibet

549 3978 675 4047 qnoque
693 3977 775 4044 equo
796 3958 951 4026 similiter.
996 3957 1118 4025 Gurrrrs
1145 3958 1264 4025 babens
1289 3957 1412 4040 allecia,
1440 3958 1482 4026 de
1506 3957 1648 4042 quolibet
1675 3975 1758 4042 equo
1785 3957 1876 4026 dabit
1896 3976 1996 4026 unam
2017 3975 2104 4038 raro,

549 4061 634 4149 qnod
655 4062 746 4131 XXX
766 4061 917 4129 allecibus
938 4065 1150 4145 computatur,
1171 4061 1356 4142 monetario,
1378 4064 1414 4128 et
1434 4078 1533 4127 unum
1554 4061 1639 4128 inter
1659 4059 1867 4128 castellanum
1889 4067 1924 4128 et
1943 4060 2105 4128 mibunum

551 4165 708 4252 equaliter
737 4163 947 4231 dividendum.
992 4162 1040 4229 De
1061 4180 1157 4229 curru
1181 4162 1358 4246 plaustrum
1384 4161 1448 4227 vini
1474 4160 1609 4244 ferente,
1632 4163 1824 4229 castellanus
1852 4169 1886 4230 et
1910 4163 2105 4230 monetarius

549 4267 645 4337 simul
664 4264 829 4335 dimidium
849 4264 1005 4333 fertonem
1026 4265 1192 4349 accipient,
1215 4264 1270 4331 sed
1292 4266 1326 4330 in
1342 4261 1486 4330 Bancbin
1501 4265 1720 4332 tantummodo
1735 4284 1833 4332 unum
1846 4265 1957 4332 lotum.
1981 4263 2104 4331 Slvere

549 4370 658 4439 vinnm
678 4369 714 4436 in
734 4368 866 4437 Gnecna
886 4366 1048 4434 venditum
1068 4365 1165 4434 faerit
1185 4366 1235 4434 vel
1257 4367 1291 4434 in
1311 4366 1376 4433 alia
1390 4371 1571 4432 nostrmum
1586 4367 1730 4450 qualibet
1744 4368 1918 4450 civitatum,
1940 4383 1997 4434 vas
2010 4358 2104 4434 debc-

549 4471 600 4542 bit
621 4471 730 4540 cedere
751 4469 932 4539 castellano.
977 4468 1026 4536 De
1047 4469 1130 4535 lineo
1151 4487 1256 4553 panno
1277 4475 1311 4537 et
1330 4468 1371 4535 de
1391 4468 1610 4543 mercimoniis,
1638 4469 1721 4537 siem
1747 4470 1788 4536 de
1815 4487 1921 4554 panno
1941 4469 2035 4537 laam
2057 4473 2106 4537 est

549 4573 743 4654 solvendum,
777 4578 884 4657 preter
911 4570 1043 4653 caligato
1068 4576 1103 4637 et
1124 4571 1223 4654 piper,
1249 4588 1311 4654 que
1330 4569 1371 4636 de
1392 4568 1452 4635 boc
1470 4587 1534 4635 non
1555 4567 1726 4638 solventur.
1772 4571 1820 4638 De
1841 4589 1937 4639 curra
1956 4575 2106 4657 portante

551 4693 672 4762 pannos
701 4690 765 4741 non
796 4672 928 4754 nobitas,
955 4671 1088 4756 ealigale
1109 4672 1243 4739 redimet
1264 4690 1335 4739 cum
1357 4670 1472 4737 letone.
1519 4672 1608 4756 Aput
1628 4673 1756 4741 Poanan
1784 4673 1825 4740 de
1848 4690 1911 4740 uno
1931 4690 2013 4757 equo
2035 4691 2106 4741 cur·

550 4796 623 4846 rum
645 4775 800 4856 trahente,
823 4775 907 4841 meat
928 4792 1024 4857 supra
1045 4774 1228 4857 scripsimus
1250 4773 1394 4840 totaliter
1415 4778 1466 4839 est
1491 4772 1689 4857 solvendum,
1719 4795 1757 4844 eo
1783 4776 1940 4843 duntaxat
1964 4779 2105 4858 excepto,

551 4877 635 4966 quod
655 4896 712 4946 nee
734 4876 865 4960 caligata
886 4894 943 4943 nce
965 4877 1032 4944 eius
1054 4877 1235 4959 equivalens
1257 4894 1357 4959 neque
1378 4875 1501 4959 pondus
1532 4877 1650 4960 piperis
1675 4884 1726 4945 est
1752 4877 1941 4945 donandam.
1985 4877 2030 4944 Et
2050 4875 2106 4944 ad·

550 4982 665 5064 dimus
687 4979 771 5065 quod
793 4980 827 5045 in
847 4979 990 5047 Bonclrin
1012 4973 1146 5062 quilibet
1167 4985 1324 5047 mereator
1344 4979 1384 5044 de
1406 4977 1532 5044 sarcina
1553 4980 1647 5046 unius
1669 4981 1743 5063 equi
1758 4999 1855 5047 unum
1869 4980 1971 5047 lotum
1985 4979 2107 5047 tribuat

549 5092 584 5154 et
604 5084 650 5153 nil
671 5083 766 5151 ultra
813 5082 967 5150 Volumus
990 5084 1086 5149 etiarn
1108 5088 1145 5149 ut
1166 5082 1298 5167 quilibet
1324 5100 1435 5149 currus
1460 5081 1639 5162 ingrediens
1666 5083 1732 5149 sivo
1763 5082 1935 5165 egrediens,
1964 5081 1993 5146 si
2020 5080 2107 5147 ultra

552 5194 626 5256 octa
648 5185 837 5257 ebdomadas
859 5187 994 5267 steterit,
1018 5185 1197 5254 theloneum
1216 5187 1270 5253 det
1291 5193 1328 5253 ut
1349 5186 1447 5271 prius.
1492 5185 1527 5254 Si
1548 5204 1622 5253 vcro
1643 5184 1729 5254 infra
1751 5183 1890 5266 ruliarit,
1912 5182 1993 5251 liber
2012 5181 2107 5250 vadat
