4574 6240
1873 461 1944 537 143

397 662 643 747 eolumpuiaram
663 661 848 730 accomodat
868 660 1093 730 fulcimentum.
1127 659 1194 729 iios
1216 662 1314 747 igitur
1334 661 1535 730 donatiouem
1556 659 1772 728 decimationis
1799 660 1833 727 in
1855 666 1947 746 parte

165 714 171 867 Ξ
258 787 264 798 ’
397 765 547 835 territorii
569 763 608 830 dc
627 761 741 847 Nnkcl,
775 766 913 832 concessi
945 784 1003 848 pcr
1029 764 1109 832 bono¹
1136 766 1284 832 memorie
1314 764 1365 832 W.
1388 764 1499 833 ducem
1528 763 1666 844 Polouie,
1696 765 1886 832 monasterio
1907 764 1948 833 de

397 867 501 936 bobes
522 864 814 935 Wrathislaviensis
832 866 964 934 diocesis
986 874 1138 952 perpetuo
1160 867 1356 952 possidendo,
1380 885 1443 934 non
1465 867 1498 932 in
1518 864 1725 949 prciudicium
1743 866 1873 934 ecclesie
1890 885 1947 935 sue

397 971 561 1040 laudabilis
582 973 731 1042 memorie
761 970 813 1037 W.
835 977 1016 1038 antecessor
1037 976 1146 1037 noster
1164 970 1204 1036 de
1225 987 1381 1037 consenso
1399 971 1448 1036 sui
1472 966 1612 1052 Capituli
1634 985 1706 1034 cum
1726 985 1850 1034 summa
1867 969 1945 1038 deli·

396 1072 557 1142 beratione
576 1074 704 1156 lactem,
734 1073 891 1156 expressis
911 1079 1017 1140 tamen
1048 1071 1142 1138 certis
1164 1072 1307 1138 terminis
1329 1071 1406 1137 dicti
1428 1069 1589 1144 territorii,
1616 1070 1807 1153 appensione
1828 1072 1948 1156 proprii

396 1174 492 1261 sigilli
512 1178 624 1263 suique
646 1175 785 1261 capituti
807 1174 1026 1242 communivit:
1046 1192 1141 1259 qnam
1155 1179 1251 1257 prout
1271 1172 1484 1240 intelleximus
1498 1174 1531 1240 in
1545 1172 1664 1256 scripto
1678 1172 1832 1241 contineri
1846 1176 1947 1241 nostri

396 1277 633 1362 predecessoris,
656 1279 689 1345 in
710 1283 866 1362 quantum
887 1294 1053 1360 possumus
1071 1277 1174 1343 nostri
1195 1275 1290 1358 sigilli
1311 1276 1484 1342 munimine
1503 1275 1697 1342 roboremus
1728 1275 1845 1344 Actum
1865 1294 1947 1345 enno

395 1380 500 1466 grecie
521 1379 565 1448 Μ.
568 1379 799 1460 commi,
821 1378 995 1446 Indictione
1017 1377 1089 1460 vn,
1111 1376 1141 1444 X
1160 1376 1320 1444 Kalendas
1342 1377 1435 1445 Iunii

497 1583 712 1666 Gneienensis,
745 1587 784 1650 de
818 1586 957 1649 dniemo.
994 1582 1108 1664 Νοιιοι,
1132 1586 1240 1648 Notio.
1276 1580 1399 1702 Lubes,
1433 1584 1556 1669 θιιιᾳι,
1584 1585 1789 1649 zelemieclo
1821 1586 1947 1653 &ebes

395 1684 756 1768 wrathislavienses
783 1688 941 1751 Wrooteeo.

1065 2031 1140 2127 ur.
1175 2030 1273 2119 166.

498 2227 694 2333 mgnum
720 2227 786 2332 ep.
803 2161 1009 2313 exesso
1029 2227 1118 2313 rm
1144 2231 1217 2320 re
1243 2227 1373 2332 auec
1413 2246 1556 2315 onom
1588 2244 1701 2316 oum
1735 2245 1947 2332 memus

393 2351 432 2417 nt
450 2345 633 2418 laudatores
653 2354 688 2416 et
706 2347 788 2417 elios
808 2347 926 2432 fideles,
947 2350 1003 2433 qui
1024 2348 1109 2435 apud
1130 2349 1410 2420 monesterindictl
1421 2347 1550 2418 Ordinis
1562 2349 1758 2435 sepulturam
1772 2350 1944 2437 elegerunt,

393 2449 623 2521 ecclesiasticen
644 2450 828 2537 sepultores
849 2451 976 2520 usaue
996 2451 1130 2520 calcem.
1244 2490 1248 2498 ·

391 2655 578 2743 goriust.
600 2656 658 2725 m
894 2710 905 2729 .

497 2758 636 2844 amori
659 2715 1119 2845 miserescatur.
1144 2732 1337 2828 molto.

496 2962 667 3049 Gregorius
685 2963 852 3050 episcopus
869 2981 978 3033 serum
1000 2981 1162 3032 serrorum
1182 2962 1261 3046 Dei,
1281 2961 1407 3032 dilectis
1428 2962 1503 3033 liliis
1524 2963 1633 3035 abbati
1656 2964 1801 3035 cistercii
1821 2972 1857 3037 et
1877 2967 1945 3036 uni·

392 3063 491 3134 versis
513 3064 805 3135 coabbatibussais
827 3085 865 3135 ec
885 3064 1047 3134 monacbis
1070 3065 1287 3134 cisterciensis
1309 3064 1438 3134 Ordinis
1457 3068 1593 3136 οιιιιιιοιο
1614 3074 1649 3136 οι
1669 3069 1874 3154 apostolicam
1893 3069 1946 3138 be·

392 3163 610 3236 sedictionem
656 3167 737 3238 (lum
765 3174 842 3238 ante
861 3167 957 3238 facim
984 3174 1108 3237 rostras
1133 3186 1205 3235 cnm
1225 3166 1345 3235 senctis
1363 3168 1554 3237 animalibus
1574 3169 1754 3254 gradientes
1771 3166 1863 3238 obliti
1884 3189 1946 3255 que

391 3274 589 3352 retroeunt,
623 3270 657 3337 in
678 3288 718 3340 ea
745 3288 809 3356 que
828 3277 904 3338 ante
925 3275 1001 3338 sunt
1021 3287 1078 3338 eos
1099 3268 1302 3337 laudabiliter
1322 3269 1516 3352 mtendatim
1549 3270 1738 3355 proficiendo
1769 3272 1860 3340 robis
1890 3291 1948 3360 per

393 3369 458 3438 rite
477 3371 626 3439 meritum
648 3379 682 3440 et
701 3372 774 3440 aliis
795 3391 853 3458 per
873 3372 1061 3457 exemplum,
1084 3378 1122 3439 ut
1141 3371 1201 3438 aab
1223 3371 1334 3455 pennis
1356 3372 1630 3457 contemplationis
1652 3375 1816 3443 vestierit
1836 3375 1947 3443 auxilii

498 2558 775 2637 Perpmeeorpgim
808 2555 1836 2684 Nonimocdjcdnodmoemildltprzmelcnonodullo:
1866 2555 1947 2626 Gre-
2240 2507 2248 2530 ·.

391 3473 494 3542 nocui
513 3492 637 3557 manus,
658 3475 795 3543 libenter
815 3475 903 3543 robis
924 3475 1124 3560 impertimur
1144 3475 1281 3559 gratiam
1300 3480 1336 3542 et
1356 3473 1505 3556 levorem,
1527 3476 1663 3544 scientes
1684 3493 1740 3544 vos
1761 3476 1874 3545 exinde
1898 3475 1968 3543 illi
2051 3519 2057 3531 -

391 3574 525 3662 placere,
547 3576 602 3661 qui
622 3582 765 3645 vestrm
785 3582 932 3664 acceptet
951 3575 1111 3661 placidum
1131 3573 1328 3642 inmutatum
1362 3575 1446 3643 Hinc
1468 3575 1623 3661 estquod
1644 3576 1819 3644 deuotionis
1840 3583 1944 3646 vestre

391 3677 534 3762 precibus
546 3685 729 3748 annuentes
750 3679 942 3747 anctoritate
962 3677 1052 3745 robis
1074 3674 1269 3761 presentium
1287 3674 1504 3760 indulgemus,
1526 3684 1564 3744 ιιι
1583 3678 1612 3744 si
1632 3676 1816 3747 fundatores
1836 3697 1945 3749 mone·

390 3781 559 3848 ateriornrn
588 3787 766 3849 vmtrornm
798 3781 848 3848 vel
880 3781 937 3848 alii
967 3779 1075 3847 fideles
1110 3778 1195 3863 apud
1216 3779 1409 3847 monasteria
1436 3788 1543 3849 vestra
1563 3780 1716 3865 elegerint
1735 3782 1941 3868 sepulturam,

391 3878 559 3950 dnmmodo
589 3901 652 3950 non
679 3882 745 3950 sint
773 3881 1034 3950 excommunicati
1055 3881 1105 3949 vel
1126 3880 1288 3948 interdicti
1308 3883 1481 3951 autetiam
1502 3882 1627 3968 publice
1648 3884 1799 3968 usurarii,
1837 3902 1946 3954 eomnr

390 3981 550 4051 dovotioni
571 3983 621 4052 vel
641 3990 782 4053 extreme
802 3985 959 4052 voluntati
978 3983 1084 4051 nullus
1105 3983 1255 4063 obsistat;
1291 3982 1348 4050 sed
1369 3983 1464 4052 liceat
1485 3985 1575 4054 robis
1596 3987 1692 4070 ipsos,
1715 3987 1944 4056 nonobstante

391 4084 530 4153 alicuius
544 4085 793 4154 contradictione
814 4088 994 4168 temeraria,
1013 4086 1224 4154 ecclesiastice
1243 4087 1370 4154 tradere
1391 4088 1562 4172 sepulture,
1585 4088 1673 4155 salve
1694 4096 1798 4158 tamen
1819 4090 1946 4158 iusticia
1991 4100 2017 4119 ‘·

390 4186 517 4255 illarum
537 4187 740 4257 ecclesiarum
773 4208 794 4256 a
815 4187 931 4273 quibus
951 4195 1148 4256 mortuorum
1180 4205 1312 4270 corpora
1344 4196 1558 4256 assumuntur.
1603 4187 1693 4256 Nulli
1718 4208 1792 4274 ergo
1819 4192 1946 4259 omnino

390 4286 552 4356 bominum
580 4288 675 4356 liceat
704 4289 786 4359 banc
807 4291 955 4376 paginam
988 4296 1096 4358 nostre
1114 4290 1323 4358 concessionis
1341 4288 1510 4375 infringere
1541 4290 1591 4359 vel
1610 4292 1640 4358 οι
1672 4309 1751 4359 ausu
1778 4292 1944 4361 temerario

390 4391 557 4459 contraire.
601 4391 728 4476 Siquis
750 4399 857 4460 nutem
880 4393 940 4459 boo
962 4397 1153 4475 attemptnre
1173 4392 1416 4476 presumpserit,
1453 4392 1699 4476 indignationem
1717 4396 1941 4479 omnipotentis

390 4491 450 4561 θοι
471 4499 505 4562 οι
525 4493 689 4562 beatorum
710 4494 799 4563 Petri
820 4505 854 4563 et
875 4495 966 4563 Parui
985 4494 1201 4579 apostolorum
1221 4493 1290 4561 eius
1311 4511 1346 4560 se
1368 4493 1520 4561 noverit
1511 4512 1720 4563 mcursurum
1743 4495 1862 4564 Daterm
1883 4496 1944 4629 Ro·

390 4601 442 4665 ate
460 4595 538 4664 xvl
558 4596 719 4665 Kelendm
739 4594 829 4680 iulii,
847 4598 1051 4681 pontificatus
1073 4597 1173 4664 nostri
1192 4614 1279 4673 anno
1299 4600 1421 4663 octem.

1063 4944 1138 5030 Νι.
1172 4937 1269 5029 167.

493 5138 623 5226 reum
650 5141 784 5252 nnond
810 5138 957 5224 comitis
985 5138 1176 5225 Slarenioi
1200 5137 1305 5222 filins
1332 5144 1387 5220 12
1397 5143 1467 5221 84
1501 5137 1578 5223 ιιι
1604 5145 1692 5236 27,
1721 5140 1763 5223 ln
1795 5135 1943 5241 Laium

389 5265 596 5346 protestatnr,
632 5260 772 5349 perlecta
806 5260 1050 5329 commutatione
1080 5259 1234 5326 bonoram
1255 5257 1339 5325 iuter
1360 5257 1509 5328 abbatem
1528 5257 1570 5327 dc
1589 5258 1702 5328 bokno
1720 5263 1754 5326 οι
1767 5257 1851 5326 lilios
1871 5276 1945 5327 suos

389 5360 519 5430 Petrum
533 5369 566 5432 ot
580 5362 793 5445 vincentium,
814 5362 871 5446 qui
892 5363 925 5428 in
946 5361 1099 5429 divisione
1118 5358 1330 5428 hereditatum
1350 5360 1414 5428 iam
1435 5360 1614 5445 portionem
1632 5360 1693 5429 sibi
1714 5367 1944 5446 competentem
