<?xml version="1.0" encoding="UTF-8"?>
<!DOCTYPE html PUBLIC "-//W3C//DTD XHTML 1.0 Transitional//EN"
    "http://www.w3.org/TR/xhtml1/DTD/xhtml1-transitional.dtd">
<html xmlns="http://www.w3.org/1999/xhtml" xml:lang="en" lang="en">
 <head>
  <title>
</title>
<meta http-equiv="Content-Type" content="text/html;charset=utf-8" />
  <meta name='ocr-system' content='tesseract 3.04.00' />
  <meta name='ocr-capabilities' content='ocr_page ocr_carea ocr_par ocr_line ocrx_word'/>
</head>
<body>
  <div class='ocr_page' id='page_1' title='image "./codexdiplomatic00zakrgoog_0279.png"; bbox 0 0 4574 6240; ppageno 0'>
   <div class='ocr_carea' id='block_1_1' title="bbox 638 479 686 554">
    <p class='ocr_par' dir='ltr' id='par_1_1' title="bbox 638 479 686 554">
     <span class='ocr_line' id='line_1_1' title="bbox 638 479 686 554; baseline 0.042 -2"><span class='ocrx_word' id='word_1_1' title='bbox 638 479 686 554; x_wconf 82' lang='lat'><strong>78</strong></span> 
     </span>
    </p>
   </div>
   <div class='ocr_carea' id='block_1_2' title="bbox 635 673 2178 864">
    <p class='ocr_par' dir='ltr' id='par_1_2' title="bbox 635 673 2178 864">
     <span class='ocr_line' id='line_1_2' title="bbox 635 673 2177 760; baseline -0.001 -13"><span class='ocrx_word' id='word_1_2' title='bbox 635 678 787 747; x_wconf 79' lang='lat' dir='ltr'><strong>Nicolaus</strong></span> <span class='ocrx_word' id='word_1_3' title='bbox 808 683 914 745; x_wconf 80' lang='lat' dir='ltr'><strong>costas</strong></span> <span class='ocrx_word' id='word_1_4' title='bbox 932 676 1056 758; x_wconf 80' lang='lat' dir='ltr'><strong>ibidem,</strong></span> <span class='ocrx_word' id='word_1_5' title='bbox 1078 676 1266 744; x_wconf 79' lang='lat' dir='ltr'><strong>Vinceucius</strong></span> <span class='ocrx_word' id='word_1_6' title='bbox 1289 676 1503 757; x_wconf 82' lang='lat' dir='ltr'><strong>cancellarius,</strong></span> <span class='ocrx_word' id='word_1_7' title='bbox 1526 675 1718 744; x_wconf 78' lang='lat' dir='ltr'><strong>Veuccslous</strong></span> <span class='ocrx_word' id='word_1_8' title='bbox 1736 673 1930 756; x_wconf 79' lang='lat' dir='ltr'><strong>scolasticus,</strong></span> <span class='ocrx_word' id='word_1_9' title='bbox 1952 679 1986 740; x_wconf 90' lang='lat' dir='ltr'><strong>et</strong></span> <span class='ocrx_word' id='word_1_10' title='bbox 2001 693 2096 759; x_wconf 87' lang='lat' dir='ltr'><strong>quam</strong></span> <span class='ocrx_word' id='word_1_11' title='bbox 2110 675 2177 760; x_wconf 89' lang='lat' dir='ltr'><strong>plu·</strong></span> 
     </span>
     <span class='ocr_line' id='line_1_3' title="bbox 635 777 2178 864; baseline 0 -14"><span class='ocrx_word' id='word_1_12' title='bbox 635 800 687 850; x_wconf 91' lang='lat' dir='ltr'><strong>ros</strong></span> <span class='ocrx_word' id='word_1_13' title='bbox 705 781 760 848; x_wconf 91' lang='lat' dir='ltr'><strong>alii</strong></span> <span class='ocrx_word' id='word_1_14' title='bbox 779 778 841 845; x_wconf 77' lang='lat' dir='ltr'><strong>liele</strong></span> <span class='ocrx_word' id='word_1_15' title='bbox 861 780 956 863; x_wconf 71' lang='lat' dir='ltr'><strong>digni.</strong></span> <span class='ocrx_word' id='word_1_16' title='bbox 978 779 1025 847; x_wconf 91' lang='lat' dir='ltr'><strong>Ut</strong></span> <span class='ocrx_word' id='word_1_17' title='bbox 1046 785 1152 847; x_wconf 87' lang='lat' dir='ltr'><strong>autem</strong></span> <span class='ocrx_word' id='word_1_18' title='bbox 1173 785 1245 846; x_wconf 91' lang='lat' dir='ltr'><strong>rata</strong></span> <span class='ocrx_word' id='word_1_19' title='bbox 1265 785 1299 846; x_wconf 90' lang='lat' dir='ltr'><strong>ct</strong></span> <span class='ocrx_word' id='word_1_20' title='bbox 1319 779 1502 846; x_wconf 82' lang='lat' dir='ltr'><strong>inconvulsa</strong></span> <span class='ocrx_word' id='word_1_21' title='bbox 1523 787 1732 864; x_wconf 74' lang='lat' dir='ltr'><strong>perseverent,</strong></span> <span class='ocrx_word' id='word_1_22' title='bbox 1757 785 1933 863; x_wconf 78' lang='lat' dir='ltr'><strong>prusemem</strong></span> <span class='ocrx_word' id='word_1_23' title='bbox 1952 777 2178 858; x_wconf 80' lang='lat' dir='ltr'><strong>uvirrlumtam</strong></span> 
     </span>
    </p>
   </div>
   <div class='ocr_carea' id='block_1_3' title="bbox 636 872 2180 1069">
    <p class='ocr_par' dir='ltr' id='par_1_3' title="bbox 636 872 2180 1069">
     <span class='ocr_line' id='line_1_4' title="bbox 636 872 2180 968; baseline 0 -16"><span class='ocrx_word' id='word_1_24' title='bbox 636 890 745 952; x_wconf 87' lang='lat' dir='ltr'><strong>nostro</strong></span> <span class='ocrx_word' id='word_1_25' title='bbox 766 872 1023 968; x_wconf 78' lang='lat' dir='ltr'><strong>qunm&#39;Capituli</strong></span> <span class='ocrx_word' id='word_1_26' title='bbox 1044 882 1144 949; x_wconf 83' lang='lat' dir='ltr'><strong>nostri</strong></span> <span class='ocrx_word' id='word_1_27' title='bbox 1170 882 1273 964; x_wconf 69' lang='lat' dir='ltr'><strong>sigillo</strong></span> <span class='ocrx_word' id='word_1_28' title='bbox 1306 883 1452 949; x_wconf 78' lang='lat' dir='ltr'><strong>eluxiums</strong></span> <span class='ocrx_word' id='word_1_29' title='bbox 1474 882 1693 951; x_wconf 84' lang='lat' dir='ltr'><strong>roborandum.</strong></span> <span class='ocrx_word' id='word_1_30' title='bbox 1735 882 1853 950; x_wconf 82' lang='lat' dir='ltr'><strong>Datum</strong></span> <span class='ocrx_word' id='word_1_31' title='bbox 1875 882 1907 948; x_wconf 92' lang='lat' dir='ltr'><strong>iu</strong></span> <span class='ocrx_word' id='word_1_32' title='bbox 1929 880 2061 950; x_wconf 89' lang='lat' dir='ltr'><strong>Guezna</strong></span> <span class='ocrx_word' id='word_1_33' title='bbox 2092 889 2180 952; x_wconf 83' lang='lat' dir='ltr'><strong>sexto</strong></span> 
     </span>
     <span class='ocr_line' id='line_1_5' title="bbox 637 983 1714 1069; baseline -0.002 -14"><span class='ocrx_word' id='word_1_34' title='bbox 637 986 798 1055; x_wconf 73' lang='lat' dir='ltr'><strong>Kalendas</strong></span> <span class='ocrx_word' id='word_1_35' title='bbox 820 984 909 1068; x_wconf 86' lang='lat' dir='ltr'><strong>Maii,</strong></span> <span class='ocrx_word' id='word_1_36' title='bbox 931 1003 1014 1053; x_wconf 90' lang='lat' dir='ltr'><strong>anuo</strong></span> <span class='ocrx_word' id='word_1_37' title='bbox 1035 984 1162 1053; x_wconf 85' lang='lat' dir='ltr'><strong>Domini</strong></span> <span class='ocrx_word' id='word_1_38' title='bbox 1182 983 1380 1068; x_wconf 73' lang='lat' dir='ltr'><strong>mccxm,</strong></span> <span class='ocrx_word' id='word_1_39' title='bbox 1402 985 1580 1052; x_wconf 86' lang='lat' dir='ltr'><strong>Indiccionc</strong></span> <span class='ocrx_word' id='word_1_40' title='bbox 1601 986 1714 1069; x_wconf 86' lang='lat' dir='ltr'><strong>prima</strong></span> 
     </span>
    </p>
   </div>
   <div class='ocr_carea' id='block_1_4' title="bbox 610 1189 2182 1484">
    <p class='ocr_par' dir='ltr' id='par_1_4' title="bbox 610 1189 2182 1484">
     <span class='ocr_line' id='line_1_6' title="bbox 742 1189 2182 1278; baseline 0.001 -20"><span class='ocrx_word' id='word_1_41' title='bbox 742 1189 931 1272; x_wconf 73' lang='lat' dir='ltr'><strong>Lentiensis,</strong></span> <span class='ocrx_word' id='word_1_42' title='bbox 957 1195 995 1256; x_wconf 79' lang='lat' dir='ltr'><strong>de</strong></span> <span class='ocrx_word' id='word_1_43' title='bbox 1016 1194 1088 1278; x_wconf 69' lang='lat' dir='ltr'><strong>dud</strong></span> <span class='ocrx_word' id='word_1_44' title='bbox 1126 1190 1304 1272; x_wconf 87' lang='lat' dir='ltr'><strong>Iuroslriuo,</strong></span> <span class='ocrx_word' id='word_1_45' title='bbox 1332 1197 1491 1272; x_wconf 79' lang='lat' dir='ltr'><strong>Juroszyu.</strong></span> <span class='ocrx_word' id='word_1_46' title='bbox 1529 1190 1780 1272; x_wconf 83' lang='lat' dir='ltr'><strong>blarcblokowo,</strong></span> <span class='ocrx_word' id='word_1_47' title='bbox 1816 1195 1980 1256; x_wconf 63' lang='lat' dir='ltr'><strong>mersione</strong></span> <span class='ocrx_word' id='word_1_48' title='bbox 1997 1189 2123 1272; x_wconf 69' lang='lat' dir='ltr'><strong>piirriij</strong></span> <span class='ocrx_word' id='word_1_49' title='bbox 2141 1212 2182 1259; x_wconf 84' lang='lat' dir='ltr'><strong>au</strong></span> 
     </span>
     <span class='ocr_line' id='line_1_7' title="bbox 610 1289 2181 1377; baseline -0.001 -15"><span class='ocrx_word' id='word_1_50' title='bbox 610 1289 810 1362; x_wconf 66' lang='lat' dir='ltr'><strong>&#39;domums</strong></span> <span class='ocrx_word' id='word_1_51' title='bbox 833 1293 998 1374; x_wconf 85' lang='lat' dir='ltr'><strong>Wirbena,</strong></span> <span class='ocrx_word' id='word_1_52' title='bbox 1027 1297 1191 1361; x_wconf 85' lang='lat' dir='ltr'><strong>Wierzbuo.</strong></span> <span class='ocrx_word' id='word_1_53' title='bbox 1216 1294 1341 1376; x_wconf 85' lang='lat' dir='ltr'><strong>Cossol,</strong></span> <span class='ocrx_word' id='word_1_54' title='bbox 1365 1306 1385 1360; x_wconf 80' lang='lat' dir='ltr'><strong>t.</strong></span> <span class='ocrx_word' id='word_1_55' title='bbox 1400 1301 1429 1374; x_wconf 89' lang='lat' dir='ltr'><strong>j.</strong></span> <span class='ocrx_word' id='word_1_56' title='bbox 1456 1295 1578 1360; x_wconf 73' lang='lat' dir='ltr'><strong>libicio‘l</strong></span> <span class='ocrx_word' id='word_1_57' title='bbox 1597 1296 1649 1362; x_wconf 74' lang='lat' dir='ltr'><strong>iu.</strong></span> <span class='ocrx_word' id='word_1_58' title='bbox 1676 1299 1838 1377; x_wconf 68' lang='lat' dir='ltr'><strong>allitolm&#39;u,</strong></span> <span class='ocrx_word' id='word_1_59' title='bbox 1860 1299 2051 1374; x_wconf 62' lang='lat' dir='ltr'><strong>mieJ&#39;scmu</strong></span> <span class='ocrx_word' id='word_1_60' title='bbox 2070 1293 2181 1360; x_wconf 68' lang='lat' dir='ltr'><strong>urbem</strong></span> 
     </span>
     <span class='ocr_line' id='line_1_8' title="bbox 634 1395 2181 1484; baseline 0.001 -21"><span class='ocrx_word' id='word_1_61' title='bbox 634 1397 764 1481; x_wconf 60' lang='lat' dir='ltr'><strong>plisni&amp;</strong></span> <span class='ocrx_word' id='word_1_62' title='bbox 774 1402 951 1463; x_wconf 61' lang='lat' dir='ltr'><strong>amariano</strong></span> <span class='ocrx_word' id='word_1_63' title='bbox 963 1401 1141 1462; x_wconf 74' lang='lat' dir='ltr'><strong>miucteczlo</strong></span> <span class='ocrx_word' id='word_1_64' title='bbox 1155 1399 1267 1484; x_wconf 78' lang='lat' dir='ltr'><strong>Lpdelc.</strong></span> <span class='ocrx_word' id='word_1_65' title='bbox 1289 1397 1424 1482; x_wconf 80' lang='lat' dir='ltr'><strong>Dolauy,</strong></span> <span class='ocrx_word' id='word_1_66' title='bbox 1440 1396 1561 1480; x_wconf 85' lang='lat' dir='ltr'><strong>Cienin,</strong></span> <span class='ocrx_word' id='word_1_67' title='bbox 1580 1395 1739 1483; x_wconf 74' lang='lat' dir='ltr'><strong>Slugociu,</strong></span> <span class='ocrx_word' id='word_1_68' title='bbox 1762 1397 1927 1480; x_wconf 81' lang='lat' dir='ltr'><strong>Radolina,</strong></span> <span class='ocrx_word' id='word_1_69' title='bbox 1949 1397 2016 1461; x_wconf 74' lang='lat' dir='ltr'><strong>arii</strong></span> <span class='ocrx_word' id='word_1_70' title='bbox 2028 1399 2082 1460; x_wconf 81' lang='lat' dir='ltr'><strong>lul·</strong></span> <span class='ocrx_word' id='word_1_71' title='bbox 2094 1416 2181 1464; x_wconf 70' lang='lat' dir='ltr'><strong>suno.</strong></span> 
     </span>
    </p>
   </div>
   <div class='ocr_carea' id='block_1_5' title="bbox 1323 1664 1500 1783">
    <p class='ocr_par' dir='ltr' id='par_1_5' title="bbox 1323 1664 1500 1783">
     <span class='ocr_line' id='line_1_9' title="bbox 1323 1664 1500 1783; baseline 0 -2"><span class='ocrx_word' id='word_1_72' title='bbox 1323 1664 1397 1783; x_wconf 86' lang='lat' dir='ltr'><strong>Nr.</strong></span> <span class='ocrx_word' id='word_1_73' title='bbox 1430 1692 1500 1782; x_wconf 90' lang='lat'><strong>81.</strong></span> 
     </span>
    </p>
   </div>
   <div class='ocr_carea' id='block_1_6' title="bbox 641 1891 2187 2099">
    <p class='ocr_par' dir='ltr' id='par_1_6' title="bbox 641 1891 2187 2099">
     <span class='ocr_line' id='line_1_10' title="bbox 745 1891 2186 1992; baseline -0.002 -15"><span class='ocrx_word' id='word_1_74' title='bbox 745 1892 978 1978; x_wconf 74' lang='lat' dir='ltr'><strong>wladislaus</strong></span> <span class='ocrx_word' id='word_1_75' title='bbox 1005 1892 1109 1976; x_wconf 86' lang='lat' dir='ltr'><strong>ducis</strong></span> <span class='ocrx_word' id='word_1_76' title='bbox 1137 1891 1270 1976; x_wconf 87' lang='lat' dir='ltr'><strong>lidonis</strong></span> <span class='ocrx_word' id='word_1_77' title='bbox 1296 1891 1412 1992; x_wconf 86' lang='lat' dir='ltr'><strong>filius,</strong></span> <span class='ocrx_word' id='word_1_78' title='bbox 1432 1893 1509 1976; x_wconf 84' lang='lat' dir='ltr'><strong>dux</strong></span> <span class='ocrx_word' id='word_1_79' title='bbox 1536 1893 1580 1976; x_wconf 87' lang='lat' dir='ltr'><strong>do</strong></span> <span class='ocrx_word' id='word_1_80' title='bbox 1604 1892 1858 1976; x_wconf 77' lang='lat' dir='ltr'><strong>Kalis1218</strong></span> <span class='ocrx_word' id='word_1_81' title='bbox 1884 1891 1957 1975; x_wconf 85' lang='lat' dir='ltr'><strong>bct</strong></span> <span class='ocrx_word' id='word_1_82' title='bbox 1975 1896 2063 1987; x_wconf 70' lang='grc' dir='ltr'><strong>ΞΟ,</strong></span> <span class='ocrx_word' id='word_1_83' title='bbox 2088 1912 2117 1974; x_wconf 86' lang='lat' dir='ltr'><strong>s</strong></span> <span class='ocrx_word' id='word_1_84' title='bbox 2143 1891 2186 1990; x_wconf 85' lang='lat' dir='ltr'><strong>L;</strong></span> 
     </span>
     <span class='ocr_line' id='line_1_11' title="bbox 641 2011 2187 2099; baseline -0.003 -16"><span class='ocrx_word' id='word_1_85' title='bbox 641 2014 741 2084; x_wconf 83' lang='lat' dir='ltr'><strong>donat</strong></span> <span class='ocrx_word' id='word_1_86' title='bbox 764 2014 866 2083; x_wconf 89' lang='lat' dir='ltr'><strong>locum</strong></span> <span class='ocrx_word' id='word_1_87' title='bbox 888 2011 1013 2081; x_wconf 74' lang='lat' dir='ltr'><strong>Olobdr</strong></span> <span class='ocrx_word' id='word_1_88' title='bbox 1034 2019 1067 2080; x_wconf 92' lang='lat' dir='ltr'><strong>et</strong></span> <span class='ocrx_word' id='word_1_89' title='bbox 1088 2012 1240 2099; x_wconf 85' lang='lat' dir='ltr'><strong>plurimas</strong></span> <span class='ocrx_word' id='word_1_90' title='bbox 1261 2014 1342 2082; x_wconf 88' lang='lat' dir='ltr'><strong>alias</strong></span> <span class='ocrx_word' id='word_1_91' title='bbox 1363 2015 1456 2083; x_wconf 90' lang='lat' dir='ltr'><strong>villas</strong></span> <span class='ocrx_word' id='word_1_92' title='bbox 1477 2033 1557 2098; x_wconf 88' lang='lat' dir='ltr'><strong>quas</strong></span> <span class='ocrx_word' id='word_1_93' title='bbox 1577 2013 1765 2099; x_wconf 85' lang='lat' dir='ltr'><strong>quibusdam</strong></span> <span class='ocrx_word' id='word_1_94' title='bbox 1785 2012 1987 2081; x_wconf 75' lang='lat' dir='ltr'><strong>libertatibus</strong></span> <span class='ocrx_word' id='word_1_95' title='bbox 2008 2012 2125 2093; x_wconf 91' lang='lat' dir='ltr'><strong>munit,</strong></span> <span class='ocrx_word' id='word_1_96' title='bbox 2147 2013 2187 2079; x_wconf 88' lang='lat' dir='ltr'><strong>ad</strong></span> 
     </span>
    </p>
   </div>
   <div class='ocr_carea' id='block_1_7' title="bbox 510 2115 1751 2186">
    <p class='ocr_par' dir='ltr' id='par_1_7' title="bbox 510 2115 1751 2186">
     <span class='ocr_line' id='line_1_12' title="bbox 510 2115 1751 2186; baseline -0.002 1"><span class='ocrx_word' id='word_1_97' title='bbox 510 2138 518 2151; x_wconf 91' lang='grc'><em>·</em></span> <span class='ocrx_word' id='word_1_98' title='bbox 641 2116 890 2186; x_wconf 83' lang='lat' dir='ltr'><strong>aedificationem</strong></span> <span class='ocrx_word' id='word_1_99' title='bbox 912 2115 1027 2183; x_wconf 87' lang='lat' dir='ltr'><strong>ibidem</strong></span> <span class='ocrx_word' id='word_1_100' title='bbox 1048 2116 1188 2183; x_wconf 90' lang='lat' dir='ltr'><strong>coenobii</strong></span> <span class='ocrx_word' id='word_1_101' title='bbox 1209 2135 1353 2184; x_wconf 89' lang='lat' dir='ltr'><strong>sororum</strong></span> <span class='ocrx_word' id='word_1_102' title='bbox 1374 2116 1502 2184; x_wconf 82' lang='lat' dir='ltr'><strong>Ordinis</strong></span> <span class='ocrx_word' id='word_1_103' title='bbox 1524 2115 1751 2185; x_wconf 72' lang='lat' dir='ltr'><strong>Cmterdeusis.</strong></span> 
     </span>
    </p>
   </div>
   <div class='ocr_carea' id='block_1_8' title="bbox 642 2217 2189 2613">
    <p class='ocr_par' dir='ltr' id='par_1_8' title="bbox 642 2217 2189 2613">
     <span class='ocr_line' id='line_1_13' title="bbox 749 2217 2187 2338; baseline -0.006 -50"><span class='ocrx_word' id='word_1_104' title='bbox 749 2222 945 2338; x_wconf 65' lang='lat' dir='ltr'><strong>lboasmmpt</strong></span> <span class='ocrx_word' id='word_1_105' title='bbox 968 2222 1191 2301; x_wconf 73' lang='lat' dir='ltr'><strong>potaierdzoav</strong></span> <span class='ocrx_word' id='word_1_106' title='bbox 1219 2238 1334 2300; x_wconf 75' lang='lat' dir='ltr'><strong>praet:</strong></span> <span class='ocrx_word' id='word_1_107' title='bbox 1366 2218 1500 2287; x_wconf 71' lang='lat' dir='ltr'><strong>menni</strong></span> <span class='ocrx_word' id='word_1_108' title='bbox 1532 2219 1659 2288; x_wconf 72' lang='lat' dir='ltr'><strong>swan</strong></span> <span class='ocrx_word' id='word_1_109' title='bbox 1692 2218 1907 2288; x_wconf 82' lang='lat' dir='ltr'><strong>rluxPolonic</strong></span> <span class='ocrx_word' id='word_1_110' title='bbox 1930 2218 2113 2286; x_wconf 74' lang='lat' dir='ltr'><strong>lusanae.</strong></span> <span class='ocrx_word' id='word_1_111' title='bbox 2135 2217 2187 2300; x_wconf 79' lang='lat'><strong>28,</strong></span> 
     </span>
     <span class='ocr_line' id='line_1_14' title="bbox 642 2321 2189 2520; baseline -0.003 -28"><span class='ocrx_word' id='word_1_112' title='bbox 642 2341 676 2391; x_wconf 85' lang='lat' dir='ltr'><strong>m</strong></span> <span class='ocrx_word' id='word_1_113' title='bbox 697 2321 882 2492; x_wconf 49' lang='grc' dir='ltr'><strong>Ἒᾷηωε.</strong></span> <span class='ocrx_word' id='word_1_114' title='bbox 897 2428 1015 2506; x_wconf 61' lang='lat' dir='ltr'><strong>maor</strong></span> <span class='ocrx_word' id='word_1_115' title='bbox 1032 2427 1134 2489; x_wconf 74' lang='lat' dir='ltr'><strong>suaa</strong></span> <span class='ocrx_word' id='word_1_116' title='bbox 1154 2396 1245 2490; x_wconf 73' lang='lat' dir='ltr'><strong>mn</strong></span> <span class='ocrx_word' id='word_1_117' title='bbox 1275 2427 1389 2490; x_wconf 75' lang='lat' dir='ltr'><strong>mooe</strong></span> <span class='ocrx_word' id='word_1_118' title='bbox 1406 2427 1461 2493; x_wconf 79' lang='lat' dir='ltr'><strong>rvr.</strong></span> <span class='ocrx_word' id='word_1_119' title='bbox 1483 2430 1513 2490; x_wconf 74' lang='lat' dir='ltr'><strong>a.</strong></span> <span class='ocrx_word' id='word_1_120' title='bbox 1542 2428 1727 2510; x_wconf 64' lang='lat' dir='ltr'><strong>unauna,</strong></span> <span class='ocrx_word' id='word_1_121' title='bbox 1751 2429 1899 2520; x_wconf 25' lang='lat' dir='ltr'><strong>sumna·</strong></span> <span class='ocrx_word' id='word_1_122' title='bbox 1913 2430 2062 2504; x_wconf 66' lang='lat' dir='ltr'><strong>sumna</strong></span> <span class='ocrx_word' id='word_1_123' title='bbox 2083 2428 2189 2511; x_wconf 65' lang='lat' dir='ltr'><strong>arm</strong></span> 
     </span>
     <span class='ocr_line' id='line_1_15' title="bbox 642 2530 1029 2613; baseline -0.01 -18"><span class='ocrx_word' id='word_1_124' title='bbox 642 2530 697 2613; x_wconf 81' lang='lat' dir='ltr'><strong>aa,</strong></span> <span class='ocrx_word' id='word_1_125' title='bbox 716 2533 772 2610; x_wconf 76' lang='lat' dir='ltr'><strong>su.</strong></span> <span class='ocrx_word' id='word_1_126' title='bbox 794 2531 867 2594; x_wconf 81' lang='lat'><strong><em>2⁷0.</em></strong></span> <span class='ocrx_word' id='word_1_127' title='bbox 924 2566 932 2582; x_wconf 81' lang='lat'><strong>.</strong></span> <span class='ocrx_word' id='word_1_128' title='bbox 1019 2585 1029 2605; x_wconf 83' lang='grc'><strong><em>,</em></strong></span> 
     </span>
    </p>
   </div>
   <div class='ocr_carea' id='block_1_9' title="bbox 577 2728 2283 5498">
    <p class='ocr_par' dir='ltr' id='par_1_9' title="bbox 643 2728 2222 3647">
     <span class='ocr_line' id='line_1_16' title="bbox 747 2728 2195 2805; baseline -0.001 -1"><span class='ocrx_word' id='word_1_129' title='bbox 747 2733 941 2804; x_wconf 82' lang='lat' dir='ltr'><strong>Wlsdlslaus</strong></span> <span class='ocrx_word' id='word_1_130' title='bbox 961 2732 1050 2802; x_wconf 77' lang='lat' dir='ltr'><strong>duob</strong></span> <span class='ocrx_word' id='word_1_131' title='bbox 1071 2733 1190 2802; x_wconf 90' lang='lat' dir='ltr'><strong>Odouis</strong></span> <span class='ocrx_word' id='word_1_132' title='bbox 1210 2733 1294 2801; x_wconf 86' lang='lat' dir='ltr'><strong>filius</strong></span> <span class='ocrx_word' id='word_1_133' title='bbox 1315 2733 1423 2802; x_wconf 90' lang='lat' dir='ltr'><strong>divina</strong></span> <span class='ocrx_word' id='word_1_134' title='bbox 1443 2734 1568 2804; x_wconf 76' lang='lat' dir='ltr'><strong>brente</strong></span> <span class='ocrx_word' id='word_1_135' title='bbox 1589 2735 1762 2805; x_wconf 71' lang='lat' dir='ltr'><strong>semmua</strong></span> <span class='ocrx_word' id='word_1_136' title='bbox 1792 2735 1858 2804; x_wconf 86' lang='lat' dir='ltr'><strong>dux</strong></span> <span class='ocrx_word' id='word_1_137' title='bbox 1878 2735 1919 2804; x_wconf 82' lang='lat' dir='ltr'><strong>de</strong></span> <span class='ocrx_word' id='word_1_138' title='bbox 1938 2733 2046 2804; x_wconf 67' lang='lat' dir='ltr'><strong>liniis,</strong></span> <span class='ocrx_word' id='word_1_139' title='bbox 2063 2728 2195 2802; x_wconf 76' lang='lat' dir='ltr'><strong>manile·</strong></span> 
     </span>
     <span class='ocr_line' id='line_1_17' title="bbox 643 2830 2198 2925; baseline -0.006 -17"><span class='ocrx_word' id='word_1_140' title='bbox 643 2844 729 2908; x_wconf 90' lang='lat' dir='ltr'><strong>stum</strong></span> <span class='ocrx_word' id='word_1_141' title='bbox 750 2838 895 2907; x_wconf 82' lang='lat' dir='ltr'><strong>volumus</strong></span> <span class='ocrx_word' id='word_1_142' title='bbox 915 2855 984 2906; x_wconf 85' lang='lat' dir='ltr'><strong>esse</strong></span> <span class='ocrx_word' id='word_1_143' title='bbox 1005 2844 1072 2906; x_wconf 87' lang='lat' dir='ltr'><strong>tam</strong></span> <span class='ocrx_word' id='word_1_144' title='bbox 1083 2837 1291 2923; x_wconf 71' lang='lat' dir='ltr'><strong>presentibus</strong></span> <span class='ocrx_word' id='word_1_145' title='bbox 1313 2856 1409 2922; x_wconf 86' lang='lat' dir='ltr'><strong>quam</strong></span> <span class='ocrx_word' id='word_1_146' title='bbox 1430 2838 1556 2922; x_wconf 74' lang='lat' dir='ltr'><strong>malms,</strong></span> <span class='ocrx_word' id='word_1_147' title='bbox 1578 2840 1662 2925; x_wconf 88' lang='lat' dir='ltr'><strong>qnod</strong></span> <span class='ocrx_word' id='word_1_148' title='bbox 1684 2858 1742 2907; x_wconf 86' lang='lat' dir='ltr'><strong>nos</strong></span> <span class='ocrx_word' id='word_1_149' title='bbox 1763 2840 1805 2908; x_wconf 84' lang='lat' dir='ltr'><strong>ad</strong></span> <span class='ocrx_word' id='word_1_150' title='bbox 1823 2837 2059 2908; x_wconf 71' lang='lat' dir='ltr'><strong>edidmcionem</strong></span> <span class='ocrx_word' id='word_1_151' title='bbox 2074 2830 2198 2905; x_wconf 84' lang='lat' dir='ltr'><strong>cenobii</strong></span> 
     </span>
     <span class='ocr_line' id='line_1_18' title="bbox 644 2935 2200 3027; baseline -0.008 -15"><span class='ocrx_word' id='word_1_152' title='bbox 644 2940 773 3011; x_wconf 82' lang='lat' dir='ltr'><strong>Ordinis</strong></span> <span class='ocrx_word' id='word_1_153' title='bbox 795 2941 1022 3024; x_wconf 82' lang='lat' dir='ltr'><strong>Cistercieusis,</strong></span> <span class='ocrx_word' id='word_1_154' title='bbox 1049 2939 1133 3025; x_wconf 89' lang='lat' dir='ltr'><strong>quod</strong></span> <span class='ocrx_word' id='word_1_155' title='bbox 1154 2940 1187 3007; x_wconf 90' lang='lat' dir='ltr'><strong>iu</strong></span> <span class='ocrx_word' id='word_1_156' title='bbox 1209 2941 1370 3026; x_wconf 87' lang='lat' dir='ltr'><strong>provincia</strong></span> <span class='ocrx_word' id='word_1_157' title='bbox 1392 2941 1563 3010; x_wconf 90' lang='lat' dir='ltr'><strong>Kalisiensi</strong></span> <span class='ocrx_word' id='word_1_158' title='bbox 1583 2941 1623 3009; x_wconf 88' lang='lat' dir='ltr'><strong>dc</strong></span> <span class='ocrx_word' id='word_1_159' title='bbox 1644 2943 1834 3027; x_wconf 85' lang='lat' dir='ltr'><strong>patrimonio</strong></span> <span class='ocrx_word' id='word_1_160' title='bbox 1855 2946 1967 3009; x_wconf 70' lang='lat' dir='ltr'><strong>noem</strong></span> <span class='ocrx_word' id='word_1_161' title='bbox 1987 2940 2031 3008; x_wconf 81' lang='lat' dir='ltr'><strong>ud</strong></span> <span class='ocrx_word' id='word_1_162' title='bbox 2051 2955 2111 3008; x_wconf 91' lang='lat' dir='ltr'><strong>nos</strong></span> <span class='ocrx_word' id='word_1_163' title='bbox 2129 2935 2200 3002; x_wconf 85' lang='lat' dir='ltr'><strong>iure</strong></span> 
     </span>
     <span class='ocr_line' id='line_1_19' title="bbox 644 3042 2203 3130; baseline -0.001 -17"><span class='ocrx_word' id='word_1_164' title='bbox 644 3043 836 3123; x_wconf 72' lang='lat' dir='ltr'><strong>hereditario</strong></span> <span class='ocrx_word' id='word_1_165' title='bbox 857 3043 992 3124; x_wconf 88' lang='lat' dir='ltr'><strong>devenit,</strong></span> <span class='ocrx_word' id='word_1_166' title='bbox 1013 3064 1035 3111; x_wconf 85' lang='lat' dir='ltr'><strong>a</strong></span> <span class='ocrx_word' id='word_1_167' title='bbox 1054 3042 1266 3110; x_wconf 79' lang='lat' dir='ltr'><strong>fundamentis</strong></span> <span class='ocrx_word' id='word_1_168' title='bbox 1286 3050 1449 3112; x_wconf 80' lang='lat' dir='ltr'><strong>exstrmre</strong></span> <span class='ocrx_word' id='word_1_169' title='bbox 1470 3044 1537 3112; x_wconf 88' lang='lat' dir='ltr'><strong>Deo</strong></span> <span class='ocrx_word' id='word_1_170' title='bbox 1557 3051 1716 3113; x_wconf 75' lang='lat' dir='ltr'><strong>auuueme</strong></span> <span class='ocrx_word' id='word_1_171' title='bbox 1736 3046 1800 3114; x_wconf 87' lang='lat' dir='ltr'><strong>iam</strong></span> <span class='ocrx_word' id='word_1_172' title='bbox 1822 3045 1979 3130; x_wconf 84' lang='lat' dir='ltr'><strong>cepimus,</strong></span> <span class='ocrx_word' id='word_1_173' title='bbox 2001 3043 2063 3112; x_wconf 88' lang='lat' dir='ltr'><strong>bas</strong></span> <span class='ocrx_word' id='word_1_174' title='bbox 2075 3051 2203 3128; x_wconf 54' lang='lat' dir='ltr'><strong>possm·</strong></span> 
     </span>
     <span class='ocr_line' id='line_1_20' title="bbox 645 3139 2207 3233; baseline -0.011 -17"><span class='ocrx_word' id='word_1_175' title='bbox 645 3148 750 3216; x_wconf 75' lang='lat' dir='ltr'><strong>dones</strong></span> <span class='ocrx_word' id='word_1_176' title='bbox 781 3166 839 3232; x_wconf 91' lang='lat' dir='ltr'><strong>pro</strong></span> <span class='ocrx_word' id='word_1_177' title='bbox 858 3146 995 3214; x_wconf 85' lang='lat' dir='ltr'><strong>remedio</strong></span> <span class='ocrx_word' id='word_1_178' title='bbox 1017 3146 1120 3214; x_wconf 86' lang='lat' dir='ltr'><strong>anime</strong></span> <span class='ocrx_word' id='word_1_179' title='bbox 1140 3151 1249 3212; x_wconf 79' lang='lat' dir='ltr'><strong>nostre</strong></span> <span class='ocrx_word' id='word_1_180' title='bbox 1281 3147 1376 3215; x_wconf 76' lang='lat' dir='ltr'><strong>umal</strong></span> <span class='ocrx_word' id='word_1_181' title='bbox 1398 3152 1432 3214; x_wconf 89' lang='lat' dir='ltr'><strong>et</strong></span> <span class='ocrx_word' id='word_1_182' title='bbox 1451 3153 1619 3233; x_wconf 86' lang='lat' dir='ltr'><strong>pareutum</strong></span> <span class='ocrx_word' id='word_1_183' title='bbox 1639 3155 1821 3216; x_wconf 89' lang='lat' dir='ltr'><strong>nostrorum</strong></span> <span class='ocrx_word' id='word_1_184' title='bbox 1850 3146 2009 3232; x_wconf 82' lang='lat' dir='ltr'><strong>solempni</strong></span> <span class='ocrx_word' id='word_1_185' title='bbox 2027 3139 2207 3212; x_wconf 86' lang='lat' dir='ltr'><strong>donacione</strong></span> 
     </span>
     <span class='ocr_line' id='line_1_21' title="bbox 644 3246 2211 3349; baseline -0.003 -30"><span class='ocrx_word' id='word_1_186' title='bbox 644 3249 762 3319; x_wconf 84' lang='lat' dir='ltr'><strong>liberas</strong></span> <span class='ocrx_word' id='word_1_187' title='bbox 794 3251 828 3316; x_wconf 91' lang='lat' dir='ltr'><strong>in</strong></span> <span class='ocrx_word' id='word_1_188' title='bbox 850 3256 1035 3336; x_wconf 88' lang='lat' dir='ltr'><strong>perpetuum</strong></span> <span class='ocrx_word' id='word_1_189' title='bbox 1054 3248 1252 3317; x_wconf 87' lang='lat' dir='ltr'><strong>contulimus.</strong></span> <span class='ocrx_word' id='word_1_190' title='bbox 1296 3249 1416 3318; x_wconf 61' lang='lat' dir='ltr'><strong>mum</strong></span> <span class='ocrx_word' id='word_1_191' title='bbox 1437 3251 1492 3335; x_wconf 87' lang='lat' dir='ltr'><strong>qui</strong></span> <span class='ocrx_word' id='word_1_192' title='bbox 1510 3249 1633 3319; x_wconf 87' lang='lat' dir='ltr'><strong>Olobolr</strong></span> <span class='ocrx_word' id='word_1_193' title='bbox 1655 3251 1828 3337; x_wconf 54' lang='lat' dir='ltr'><strong>munster</strong></span> <span class='ocrx_word' id='word_1_194' title='bbox 1848 3249 1990 3332; x_wconf 89' lang='lat' dir='ltr'><strong>dicitur,</strong></span> <span class='ocrx_word' id='word_1_195' title='bbox 2023 3254 2057 3316; x_wconf 92' lang='lat' dir='ltr'><strong>et</strong></span> <span class='ocrx_word' id='word_1_196' title='bbox 2078 3246 2211 3349; x_wconf 69' lang='lat' dir='ltr'><strong>partem</strong></span> 
     </span>
     <span class='ocr_line' id='line_1_22' title="bbox 645 3337 2214 3453; baseline -0.002 -34"><span class='ocrx_word' id='word_1_197' title='bbox 645 3371 729 3439; x_wconf 86' lang='lat' dir='ltr'><strong>aque</strong></span> <span class='ocrx_word' id='word_1_198' title='bbox 749 3371 812 3437; x_wconf 88' lang='lat' dir='ltr'><strong>qne</strong></span> <span class='ocrx_word' id='word_1_199' title='bbox 832 3351 953 3420; x_wconf 90' lang='lat' dir='ltr'><strong>Prosna</strong></span> <span class='ocrx_word' id='word_1_200' title='bbox 972 3356 1104 3420; x_wconf 86' lang='lat' dir='ltr'><strong>vocatur</strong></span> <span class='ocrx_word' id='word_1_201' title='bbox 1134 3370 1206 3419; x_wconf 88' lang='lat' dir='ltr'><strong>curn</strong></span> <span class='ocrx_word' id='word_1_202' title='bbox 1227 3352 1419 3436; x_wconf 75' lang='lat' dir='ltr'><strong>custoribus,</strong></span> <span class='ocrx_word' id='word_1_203' title='bbox 1455 3354 1497 3422; x_wconf 84' lang='lat' dir='ltr'><strong>ad</strong></span> <span class='ocrx_word' id='word_1_204' title='bbox 1529 3372 1609 3440; x_wconf 91' lang='lat' dir='ltr'><strong>opus</strong></span> <span class='ocrx_word' id='word_1_205' title='bbox 1629 3355 1892 3423; x_wconf 68' lang='lat' dir='ltr'><strong>documentorum</strong></span> <span class='ocrx_word' id='word_1_206' title='bbox 1914 3351 2053 3439; x_wconf 82' lang='lat' dir='ltr'><strong>predicti</strong></span> <span class='ocrx_word' id='word_1_207' title='bbox 2073 3337 2214 3453; x_wconf 49' lang='lat' dir='ltr'><strong>eeuobbs</strong></span> 
     </span>
     <span class='ocr_line' id='line_1_23' title="bbox 646 3451 2219 3544; baseline -0.004 -19"><span class='ocrx_word' id='word_1_208' title='bbox 646 3455 847 3526; x_wconf 84' lang='lat' dir='ltr'><strong>aZadovioh</strong></span> <span class='ocrx_word' id='word_1_209' title='bbox 867 3473 968 3541; x_wconf 86' lang='lat' dir='ltr'><strong>usque</strong></span> <span class='ocrx_word' id='word_1_210' title='bbox 998 3456 1040 3524; x_wconf 85' lang='lat' dir='ltr'><strong>ad</strong></span> <span class='ocrx_word' id='word_1_211' title='bbox 1061 3455 1164 3524; x_wconf 88' lang='lat' dir='ltr'><strong>locum</strong></span> <span class='ocrx_word' id='word_1_212' title='bbox 1195 3457 1229 3523; x_wconf 87' lang='lat' dir='ltr'><strong>iu</strong></span> <span class='ocrx_word' id='word_1_213' title='bbox 1250 3475 1314 3542; x_wconf 89' lang='lat' dir='ltr'><strong>quo</strong></span> <span class='ocrx_word' id='word_1_214' title='bbox 1335 3457 1448 3526; x_wconf 83' lang='lat' dir='ltr'><strong>Barica</strong></span> <span class='ocrx_word' id='word_1_215' title='bbox 1468 3458 1509 3527; x_wconf 88' lang='lat' dir='ltr'><strong>do</strong></span> <span class='ocrx_word' id='word_1_216' title='bbox 1530 3458 1651 3527; x_wconf 87' lang='lat' dir='ltr'><strong>Prosus</strong></span> <span class='ocrx_word' id='word_1_217' title='bbox 1671 3457 1827 3544; x_wconf 65' lang='lat' dir='ltr'><strong>procedis</strong></span> <span class='ocrx_word' id='word_1_218' title='bbox 1862 3455 1974 3524; x_wconf 76' lang='lat' dir='ltr'><strong>comm</strong></span> <span class='ocrx_word' id='word_1_219' title='bbox 2004 3453 2143 3520; x_wconf 84' lang='lat' dir='ltr'><strong>liberum</strong></span> <span class='ocrx_word' id='word_1_220' title='bbox 2178 3451 2219 3503; x_wconf 64' lang='grc' dir='ltr'><strong>Ψ</strong></span> 
     </span>
     <span class='ocr_line' id='line_1_24' title="bbox 646 3539 2222 3647; baseline -0.005 -19"><span class='ocrx_word' id='word_1_221' title='bbox 646 3559 757 3628; x_wconf 86' lang='lat' dir='ltr'><strong>Baricz</strong></span> <span class='ocrx_word' id='word_1_222' title='bbox 777 3578 848 3628; x_wconf 91' lang='lat' dir='ltr'><strong>cum</strong></span> <span class='ocrx_word' id='word_1_223' title='bbox 870 3558 1019 3640; x_wconf 86' lang='lat' dir='ltr'><strong>tabernis,</strong></span> <span class='ocrx_word' id='word_1_224' title='bbox 1041 3558 1075 3625; x_wconf 90' lang='lat' dir='ltr'><strong>iu</strong></span> <span class='ocrx_word' id='word_1_225' title='bbox 1095 3577 1158 3644; x_wconf 87' lang='lat' dir='ltr'><strong>quo</strong></span> <span class='ocrx_word' id='word_1_226' title='bbox 1180 3558 1326 3628; x_wconf 87' lang='lat' dir='ltr'><strong>videlicet</strong></span> <span class='ocrx_word' id='word_1_227' title='bbox 1345 3559 1414 3629; x_wconf 84' lang='lat' dir='ltr'><strong>loro</strong></span> <span class='ocrx_word' id='word_1_228' title='bbox 1432 3579 1536 3646; x_wconf 87' lang='lat' dir='ltr'><strong>neque</strong></span> <span class='ocrx_word' id='word_1_229' title='bbox 1557 3561 1651 3629; x_wconf 83' lang='lat' dir='ltr'><strong>iudex</strong></span> <span class='ocrx_word' id='word_1_230' title='bbox 1672 3580 1776 3647; x_wconf 87' lang='lat' dir='ltr'><strong>neque</strong></span> <span class='ocrx_word' id='word_1_231' title='bbox 1791 3559 2000 3627; x_wconf 87' lang='lat' dir='ltr'><strong>monetarius</strong></span> <span class='ocrx_word' id='word_1_232' title='bbox 2014 3565 2143 3640; x_wconf 74' lang='lat' dir='ltr'><strong>preesse</strong></span> <span class='ocrx_word' id='word_1_233' title='bbox 2158 3539 2222 3606; x_wconf 72' lang='lat'><strong>‘10‘</strong></span> 
     </span>
    </p>

    <p class='ocr_par' dir='ltr' id='par_1_10' title="bbox 604 3648 2236 3853">
     <span class='ocr_line' id='line_1_25' title="bbox 604 3648 2228 3749; baseline -0.008 -16"><span class='ocrx_word' id='word_1_234' title='bbox 604 3735 607 3743; x_wconf 79' lang='grc'><strong>,</strong></span> <span class='ocrx_word' id='word_1_235' title='bbox 647 3662 735 3745; x_wconf 84' lang='lat' dir='ltr'><strong>bont,</strong></span> <span class='ocrx_word' id='word_1_236' title='bbox 757 3681 816 3731; x_wconf 85' lang='lat' dir='ltr'><strong>nec</strong></span> <span class='ocrx_word' id='word_1_237' title='bbox 833 3663 942 3748; x_wconf 79' lang='lat' dir='ltr'><strong>abque</strong></span> <span class='ocrx_word' id='word_1_238' title='bbox 961 3663 1114 3730; x_wconf 72' lang='lat' dir='ltr'><strong>donnus</strong></span> <span class='ocrx_word' id='word_1_239' title='bbox 1134 3682 1155 3729; x_wconf 89' lang='lat' dir='ltr'><strong>a</strong></span> <span class='ocrx_word' id='word_1_240' title='bbox 1175 3669 1284 3732; x_wconf 84' lang='lat' dir='ltr'><strong>nostro</strong></span> <span class='ocrx_word' id='word_1_241' title='bbox 1303 3664 1451 3732; x_wconf 90' lang='lat' dir='ltr'><strong>dominio.</strong></span> <span class='ocrx_word' id='word_1_242' title='bbox 1489 3663 1524 3732; x_wconf 89' lang='lat' dir='ltr'><strong>Si</strong></span> <span class='ocrx_word' id='word_1_243' title='bbox 1545 3683 1619 3733; x_wconf 89' lang='lat' dir='ltr'><strong>vero</strong></span> <span class='ocrx_word' id='word_1_244' title='bbox 1640 3664 1751 3749; x_wconf 84' lang='lat' dir='ltr'><strong>aliqua</strong></span> <span class='ocrx_word' id='word_1_245' title='bbox 1771 3680 1873 3732; x_wconf 83' lang='lat' dir='ltr'><strong>causa</strong></span> <span class='ocrx_word' id='word_1_246' title='bbox 1895 3661 1934 3728; x_wconf 87' lang='lat' dir='ltr'><strong>in</strong></span> <span class='ocrx_word' id='word_1_247' title='bbox 1955 3658 2103 3745; x_wconf 86' lang='lat' dir='ltr'><strong>prodicta</strong></span> <span class='ocrx_word' id='word_1_248' title='bbox 2123 3648 2228 3714; x_wconf 84' lang='lat' dir='ltr'><strong>here·</strong></span> 
     </span>
     <span class='ocr_line' id='line_1_26' title="bbox 646 3742 2236 3853; baseline -0.006 -18"><span class='ocrx_word' id='word_1_249' title='bbox 646 3765 749 3835; x_wconf 76' lang='lat' dir='ltr'><strong>duta</strong></span> <span class='ocrx_word' id='word_1_250' title='bbox 762 3765 858 3833; x_wconf 85' lang='lat' dir='ltr'><strong>luerit</strong></span> <span class='ocrx_word' id='word_1_251' title='bbox 873 3772 953 3847; x_wconf 88' lang='lat' dir='ltr'><strong>orta,</strong></span> <span class='ocrx_word' id='word_1_252' title='bbox 976 3786 997 3833; x_wconf 88' lang='lat' dir='ltr'><strong>a</strong></span> <span class='ocrx_word' id='word_1_253' title='bbox 1017 3765 1190 3852; x_wconf 85' lang='lat' dir='ltr'><strong>supradicti</strong></span> <span class='ocrx_word' id='word_1_254' title='bbox 1211 3766 1273 3834; x_wconf 91' lang='lat' dir='ltr'><strong>loci</strong></span> <span class='ocrx_word' id='word_1_255' title='bbox 1294 3767 1458 3836; x_wconf 87' lang='lat' dir='ltr'><strong>abbatissa</strong></span> <span class='ocrx_word' id='word_1_256' title='bbox 1477 3773 1528 3835; x_wconf 87' lang='lat' dir='ltr'><strong>est</strong></span> <span class='ocrx_word' id='word_1_257' title='bbox 1548 3767 1797 3835; x_wconf 83' lang='lat' dir='ltr'><strong>determinanda</strong></span> <span class='ocrx_word' id='word_1_258' title='bbox 1819 3763 1968 3849; x_wconf 86' lang='lat' dir='ltr'><strong>Insuper</strong></span> <span class='ocrx_word' id='word_1_259' title='bbox 1988 3762 2050 3828; x_wconf 83' lang='lat' dir='ltr'><strong>bas</strong></span> <span class='ocrx_word' id='word_1_260' title='bbox 2070 3752 2167 3821; x_wconf 63' lang='lat' dir='ltr'><strong>villas</strong></span> <span class='ocrx_word' id='word_1_261' title='bbox 2191 3742 2236 3853; x_wconf 54' lang='lat'><strong>0}</strong></span> 
     </span>
    </p>

    <p class='ocr_par' dir='ltr' id='par_1_11' title="bbox 577 3841 2283 5498">
     <span class='ocr_line' id='line_1_27' title="bbox 577 3841 2243 3955; baseline -0.008 -18"><span class='ocrx_word' id='word_1_262' title='bbox 577 3880 578 3884; x_wconf 75' lang='grc'>’</span> <span class='ocrx_word' id='word_1_263' title='bbox 647 3868 790 3936; x_wconf 84' lang='lat' dir='ltr'><strong>homiues</strong></span> <span class='ocrx_word' id='word_1_264' title='bbox 811 3866 933 3952; x_wconf 81' lang='lat' dir='ltr'><strong>prefate</strong></span> <span class='ocrx_word' id='word_1_265' title='bbox 954 3867 1179 3953; x_wconf 74' lang='lat' dir='ltr'><strong>assigmvims</strong></span> <span class='ocrx_word' id='word_1_266' title='bbox 1199 3869 1342 3937; x_wconf 72' lang='lat' dir='ltr'><strong>molesia:</strong></span> <span class='ocrx_word' id='word_1_267' title='bbox 1378 3870 1579 3955; x_wconf 83' lang='lat' dir='ltr'><strong>Tbyoadlovo</strong></span> <span class='ocrx_word' id='word_1_268' title='bbox 1598 3890 1670 3939; x_wconf 88' lang='lat' dir='ltr'><strong>cum</strong></span> <span class='ocrx_word' id='word_1_269' title='bbox 1691 3870 1822 3951; x_wconf 87' lang='lat' dir='ltr'><strong>Zidovo,</strong></span> <span class='ocrx_word' id='word_1_270' title='bbox 1844 3867 1969 3933; x_wconf 86' lang='lat' dir='ltr'><strong>villam</strong></span> <span class='ocrx_word' id='word_1_271' title='bbox 1990 3880 2055 3948; x_wconf 88' lang='lat' dir='ltr'><strong>que</strong></span> <span class='ocrx_word' id='word_1_272' title='bbox 2074 3853 2154 3925; x_wconf 73' lang='lat' dir='ltr'><strong>sole</strong></span> <span class='ocrx_word' id='word_1_273' title='bbox 2177 3841 2243 3952; x_wconf 52' lang='lat'><strong>(1¹1</strong></span> 
     </span>
     <span class='ocr_line' id='line_1_28' title="bbox 649 3946 2249 4058; baseline -0.005 -17"><span class='ocrx_word' id='word_1_274' title='bbox 649 3973 734 4041; x_wconf 72' lang='lat' dir='ltr'><strong>aar</strong></span> <span class='ocrx_word' id='word_1_275' title='bbox 753 3971 849 4038; x_wconf 75' lang='lat' dir='ltr'><strong>stam</strong></span> <span class='ocrx_word' id='word_1_276' title='bbox 882 3970 965 4037; x_wconf 75' lang='lat' dir='ltr'><strong>inter</strong></span> <span class='ocrx_word' id='word_1_277' title='bbox 987 3969 1149 4038; x_wconf 77' lang='lat' dir='ltr'><strong>commo</strong></span> <span class='ocrx_word' id='word_1_278' title='bbox 1169 3976 1203 4037; x_wconf 78' lang='lat' dir='ltr'><strong>et</strong></span> <span class='ocrx_word' id='word_1_279' title='bbox 1224 3972 1308 4038; x_wconf 73' lang='lat' dir='ltr'><strong>nur</strong></span> <span class='ocrx_word' id='word_1_280' title='bbox 1329 3971 1453 4040; x_wconf 74' lang='lat' dir='ltr'><strong>susm</strong></span> <span class='ocrx_word' id='word_1_281' title='bbox 1475 3974 1724 4058; x_wconf 61' lang='lat' dir='ltr'><strong>impressum,</strong></span> <span class='ocrx_word' id='word_1_282' title='bbox 1762 3969 1903 4037; x_wconf 75' lang='lat' dir='ltr'><strong>urosre</strong></span> <span class='ocrx_word' id='word_1_283' title='bbox 1926 3967 2057 4045; x_wconf 68' lang='lat' dir='ltr'><strong>uuam</strong></span> <span class='ocrx_word' id='word_1_284' title='bbox 2092 3946 2249 4023; x_wconf 64' lang='lat' dir='ltr'><strong>Racbss</strong></span> 
     </span>
     <span class='ocr_line' id='line_1_29' title="bbox 648 4044 2258 4161; baseline -0.011 -17"><span class='ocrx_word' id='word_1_285' title='bbox 648 4074 757 4143; x_wconf 81' lang='lat' dir='ltr'><strong>villum</strong></span> <span class='ocrx_word' id='word_1_286' title='bbox 778 4073 869 4141; x_wconf 88' lang='lat' dir='ltr'><strong>iuxta</strong></span> <span class='ocrx_word' id='word_1_287' title='bbox 890 4071 1090 4141; x_wconf 85' lang='lat' dir='ltr'><strong>Culiscovlca.</strong></span> <span class='ocrx_word' id='word_1_288' title='bbox 1134 4072 1203 4140; x_wconf 87' lang='lat' dir='ltr'><strong>Has</strong></span> <span class='ocrx_word' id='word_1_289' title='bbox 1224 4093 1297 4142; x_wconf 88' lang='lat' dir='ltr'><strong>vero</strong></span> <span class='ocrx_word' id='word_1_290' title='bbox 1324 4075 1417 4143; x_wconf 82' lang='lat' dir='ltr'><strong>villas</strong></span> <span class='ocrx_word' id='word_1_291' title='bbox 1439 4075 1605 4144; x_wconf 84' lang='lat' dir='ltr'><strong>Wirbeuta</strong></span> <span class='ocrx_word' id='word_1_292' title='bbox 1625 4077 1710 4144; x_wconf 87' lang='lat' dir='ltr'><strong>lilius</strong></span> <span class='ocrx_word' id='word_1_293' title='bbox 1732 4071 1925 4143; x_wconf 85' lang='lat' dir='ltr'><strong>Clementis</strong></span> <span class='ocrx_word' id='word_1_294' title='bbox 1948 4064 2088 4137; x_wconf 85' lang='lat' dir='ltr'><strong>contulit</strong></span> <span class='ocrx_word' id='word_1_295' title='bbox 2104 4057 2181 4124; x_wconf 77' lang='lat' dir='ltr'><strong>Deo</strong></span> <span class='ocrx_word' id='word_1_296' title='bbox 2201 4044 2258 4161; x_wconf 31' lang='lat'><strong>‘0‘</strong></span> 
     </span>
     <span class='ocr_line' id='line_1_30' title="bbox 649 4148 2264 4272; baseline -0.006 -26"><span class='ocrx_word' id='word_1_297' title='bbox 649 4175 744 4246; x_wconf 85' lang='lat' dir='ltr'><strong>beato</strong></span> <span class='ocrx_word' id='word_1_298' title='bbox 765 4175 925 4243; x_wconf 80' lang='lat' dir='ltr'><strong>Mariand</strong></span> <span class='ocrx_word' id='word_1_299' title='bbox 946 4181 1153 4244; x_wconf 88' lang='lat' dir='ltr'><strong>memoratum</strong></span> <span class='ocrx_word' id='word_1_300' title='bbox 1166 4176 1284 4244; x_wconf 90' lang='lat' dir='ltr'><strong>locum:</strong></span> <span class='ocrx_word' id='word_1_301' title='bbox 1308 4176 1481 4262; x_wconf 86' lang='lat' dir='ltr'><strong>Conarovo,</strong></span> <span class='ocrx_word' id='word_1_302' title='bbox 1502 4179 1651 4265; x_wconf 87' lang='lat' dir='ltr'><strong>Gribovo,</strong></span> <span class='ocrx_word' id='word_1_303' title='bbox 1672 4179 1869 4258; x_wconf 88' lang='lat' dir='ltr'><strong>blislacovo,</strong></span> <span class='ocrx_word' id='word_1_304' title='bbox 1896 4173 2081 4239; x_wconf 86' lang='lat' dir='ltr'><strong>Druscovo·</strong></span> <span class='ocrx_word' id='word_1_305' title='bbox 2103 4148 2264 4272; x_wconf 59' lang='lat' dir='ltr'>Pfeffle&#39;</span> 
     </span>
     <span class='ocr_line' id='line_1_31' title="bbox 650 4260 2274 4367; baseline -0.022 -18"><span class='ocrx_word' id='word_1_306' title='bbox 650 4286 702 4349; x_wconf 84' lang='lat' dir='ltr'><strong>tas</strong></span> <span class='ocrx_word' id='word_1_307' title='bbox 723 4279 833 4364; x_wconf 84' lang='lat' dir='ltr'><strong>itaque</strong></span> <span class='ocrx_word' id='word_1_308' title='bbox 853 4278 945 4346; x_wconf 86' lang='lat' dir='ltr'><strong>villus</strong></span> <span class='ocrx_word' id='word_1_309' title='bbox 978 4285 1012 4346; x_wconf 86' lang='lat' dir='ltr'><strong>et</strong></span> <span class='ocrx_word' id='word_1_310' title='bbox 1042 4279 1183 4347; x_wconf 89' lang='lat' dir='ltr'><strong>homiues</strong></span> <span class='ocrx_word' id='word_1_311' title='bbox 1215 4279 1255 4347; x_wconf 89' lang='lat' dir='ltr'><strong>ab</strong></span> <span class='ocrx_word' id='word_1_312' title='bbox 1276 4281 1360 4348; x_wconf 92' lang='lat' dir='ltr'><strong>omni</strong></span> <span class='ocrx_word' id='word_1_313' title='bbox 1383 4283 1455 4367; x_wconf 90' lang='lat' dir='ltr'><strong>(sic)</strong></span> <span class='ocrx_word' id='word_1_314' title='bbox 1474 4284 1578 4367; x_wconf 90' lang='lat' dir='ltr'><strong>operis</strong></span> <span class='ocrx_word' id='word_1_315' title='bbox 1600 4282 1701 4350; x_wconf 84' lang='lat' dir='ltr'><strong>nostri</strong></span> <span class='ocrx_word' id='word_1_316' title='bbox 1733 4283 1849 4365; x_wconf 89' lang='lat' dir='ltr'><strong>preter</strong></span> <span class='ocrx_word' id='word_1_317' title='bbox 1875 4273 1991 4342; x_wconf 84' lang='lat' dir='ltr'><strong>castri</strong></span> <span class='ocrx_word' id='word_1_318' title='bbox 2023 4260 2274 4335; x_wconf 75' lang='lat' dir='ltr'><strong>municionem</strong></span> 
     </span>
     <span class='ocr_line' id='line_1_32' title="bbox 651 4363 2282 4470; baseline -0.012 -19"><span class='ocrx_word' id='word_1_319' title='bbox 651 4381 852 4464; x_wconf 83' lang='lat' dir='ltr'><strong>absolvimus,</strong></span> <span class='ocrx_word' id='word_1_320' title='bbox 873 4387 907 4448; x_wconf 91' lang='lat' dir='ltr'><strong>et</strong></span> <span class='ocrx_word' id='word_1_321' title='bbox 925 4386 990 4447; x_wconf 86' lang='lat' dir='ltr'><strong>tam</strong></span> <span class='ocrx_word' id='word_1_322' title='bbox 1010 4389 1156 4449; x_wconf 87' lang='lat' dir='ltr'><strong>anostra</strong></span> <span class='ocrx_word' id='word_1_323' title='bbox 1178 4401 1273 4467; x_wconf 89' lang='lat' dir='ltr'><strong>quam</strong></span> <span class='ocrx_word' id='word_1_324' title='bbox 1296 4403 1317 4450; x_wconf 88' lang='lat' dir='ltr'><strong>a</strong></span> <span class='ocrx_word' id='word_1_325' title='bbox 1338 4391 1517 4452; x_wconf 74' lang='lat' dir='ltr'><strong>uosuorrmr</strong></span> <span class='ocrx_word' id='word_1_326' title='bbox 1538 4385 1662 4462; x_wconf 89' lang='lat' dir='ltr'><strong>iudicio,</strong></span> <span class='ocrx_word' id='word_1_327' title='bbox 1683 4389 1793 4470; x_wconf 87' lang='lat' dir='ltr'><strong>preter</strong></span> <span class='ocrx_word' id='word_1_328' title='bbox 1809 4374 2045 4461; x_wconf 76' lang='lat' dir='ltr'><strong>septuaginta</strong></span> <span class='ocrx_word' id='word_1_329' title='bbox 2057 4363 2282 4434; x_wconf 67' lang='lat' dir='ltr'><strong>marwfflm</strong></span> 
     </span>
     <span class='ocr_line' id='line_1_33' title="bbox 651 4453 2271 4577; baseline -0.009 -25"><span class='ocrx_word' id='word_1_330' title='bbox 651 4483 816 4567; x_wconf 90' lang='lat' dir='ltr'><strong>iudicium,</strong></span> <span class='ocrx_word' id='word_1_331' title='bbox 838 4502 973 4569; x_wconf 88' lang='lat' dir='ltr'><strong>quarum</strong></span> <span class='ocrx_word' id='word_1_332' title='bbox 994 4484 1194 4551; x_wconf 86' lang='lat' dir='ltr'><strong>medietatem</strong></span> <span class='ocrx_word' id='word_1_333' title='bbox 1215 4485 1305 4553; x_wconf 89' lang='lat' dir='ltr'><strong>uobis</strong></span> <span class='ocrx_word' id='word_1_334' title='bbox 1326 4487 1484 4570; x_wconf 85' lang='lat' dir='ltr'><strong>pertinere</strong></span> <span class='ocrx_word' id='word_1_335' title='bbox 1505 4488 1661 4571; x_wconf 89' lang='lat' dir='ltr'><strong>volumus,</strong></span> <span class='ocrx_word' id='word_1_336' title='bbox 1682 4486 1852 4571; x_wconf 86' lang='lat' dir='ltr'><strong>reliquum</strong></span> <span class='ocrx_word' id='word_1_337' title='bbox 1877 4478 2072 4545; x_wconf 85' lang='lat' dir='ltr'><strong>memorato</strong></span> <span class='ocrx_word' id='word_1_338' title='bbox 2091 4467 2173 4577; x_wconf 58' lang='lat' dir='ltr'><strong>locs)</strong></span> <span class='ocrx_word' id='word_1_339' title='bbox 2203 4453 2271 4520; x_wconf 67' lang='lat'><strong>&lt;1⁸</strong></span> 
     </span>
     <span class='ocr_line' id='line_1_34' title="bbox 654 4569 2277 4658; baseline -0.017 -3"><span class='ocrx_word' id='word_1_340' title='bbox 654 4606 736 4655; x_wconf 90' lang='lat' dir='ltr'><strong>mus.</strong></span> <span class='ocrx_word' id='word_1_341' title='bbox 770 4585 839 4654; x_wconf 88' lang='lat' dir='ltr'><strong>Hoc</strong></span> <span class='ocrx_word' id='word_1_342' title='bbox 857 4592 964 4654; x_wconf 87' lang='lat' dir='ltr'><strong>sutem</strong></span> <span class='ocrx_word' id='word_1_343' title='bbox 984 4587 1090 4654; x_wconf 90' lang='lat' dir='ltr'><strong>omnia</strong></span> <span class='ocrx_word' id='word_1_344' title='bbox 1111 4594 1184 4655; x_wconf 86' lang='lat' dir='ltr'><strong>acta</strong></span> <span class='ocrx_word' id='word_1_345' title='bbox 1204 4588 1263 4655; x_wconf 92' lang='lat' dir='ltr'><strong>sub</strong></span> <span class='ocrx_word' id='word_1_346' title='bbox 1285 4590 1464 4657; x_wconf 79' lang='lat' dir='ltr'><strong>testimonio</strong></span> <span class='ocrx_word' id='word_1_347' title='bbox 1486 4597 1520 4658; x_wconf 92' lang='lat' dir='ltr'><strong>et</strong></span> <span class='ocrx_word' id='word_1_348' title='bbox 1541 4590 1782 4658; x_wconf 82' lang='lat' dir='ltr'><strong>confirmacione</strong></span> <span class='ocrx_word' id='word_1_349' title='bbox 1805 4578 1955 4650; x_wconf 90' lang='lat' dir='ltr'><strong>domini</strong></span> <span class='ocrx_word' id='word_1_350' title='bbox 1978 4575 2022 4643; x_wconf 84' lang='grc' dir='ltr'><strong>Η.</strong></span> <span class='ocrx_word' id='word_1_351' title='bbox 2043 4569 2190 4641; x_wconf 85' lang='lat' dir='ltr'><strong>Polonre</strong></span> <span class='ocrx_word' id='word_1_352' title='bbox 2217 4572 2277 4624; x_wconf 71' lang='lat' dir='ltr'><strong>nt</strong></span> 
     </span>
     <span class='ocr_line' id='line_1_35' title="bbox 653 4671 2265 4778; baseline -0.014 -18"><span class='ocrx_word' id='word_1_353' title='bbox 653 4688 858 4776; x_wconf 63' lang='lat' dir='ltr'><strong>chimbcopi,</strong></span> <span class='ocrx_word' id='word_1_354' title='bbox 891 4693 924 4755; x_wconf 94' lang='lat' dir='ltr'><strong>et</strong></span> <span class='ocrx_word' id='word_1_355' title='bbox 953 4694 988 4755; x_wconf 89' lang='lat' dir='ltr'><strong>ut</strong></span> <span class='ocrx_word' id='word_1_356' title='bbox 1009 4694 1081 4757; x_wconf 87' lang='lat' dir='ltr'><strong>rata</strong></span> <span class='ocrx_word' id='word_1_357' title='bbox 1101 4697 1315 4775; x_wconf 86' lang='lat' dir='ltr'><strong>permaneant,</strong></span> <span class='ocrx_word' id='word_1_358' title='bbox 1338 4691 1397 4760; x_wconf 92' lang='lat' dir='ltr'><strong>sub</strong></span> <span class='ocrx_word' id='word_1_359' title='bbox 1418 4693 1557 4760; x_wconf 90' lang='lat' dir='ltr'><strong>eiusdem</strong></span> <span class='ocrx_word' id='word_1_360' title='bbox 1578 4694 1674 4778; x_wconf 76' lang='lat' dir='ltr'><strong>sigilli</strong></span> <span class='ocrx_word' id='word_1_361' title='bbox 1695 4687 1934 4776; x_wconf 80' lang='lat' dir='ltr'><strong>impressione</strong></span> <span class='ocrx_word' id='word_1_362' title='bbox 1955 4685 1994 4747; x_wconf 86' lang='lat' dir='ltr'><strong>et</strong></span> <span class='ocrx_word' id='word_1_363' title='bbox 2014 4671 2131 4752; x_wconf 86' lang='lat' dir='ltr'><strong>nostri,</strong></span> <span class='ocrx_word' id='word_1_364' title='bbox 2158 4671 2209 4733; x_wconf 75' lang='lat' dir='ltr'><strong>ct</strong></span> <span class='ocrx_word' id='word_1_365' title='bbox 2259 4690 2265 4718; x_wconf 72' lang='lat'><strong>⁴</strong></span> 
     </span>
     <span class='ocr_line' id='line_1_36' title="bbox 654 4770 2275 4881; baseline -0.014 -19"><span class='ocrx_word' id='word_1_366' title='bbox 654 4795 726 4880; x_wconf 84' lang='lat' dir='ltr'><strong>quis</strong></span> <span class='ocrx_word' id='word_1_367' title='bbox 748 4811 787 4860; x_wconf 88' lang='lat' dir='ltr'><strong>ca</strong></span> <span class='ocrx_word' id='word_1_368' title='bbox 807 4792 1013 4877; x_wconf 83' lang='lat' dir='ltr'><strong>calumpniari</strong></span> <span class='ocrx_word' id='word_1_369' title='bbox 1034 4791 1083 4859; x_wconf 89' lang='lat' dir='ltr'><strong>vel</strong></span> <span class='ocrx_word' id='word_1_370' title='bbox 1104 4792 1272 4879; x_wconf 77' lang='lat' dir='ltr'><strong>iufringere</strong></span> <span class='ocrx_word' id='word_1_371' title='bbox 1293 4793 1378 4879; x_wconf 84' lang='lat' dir='ltr'><strong>quod</strong></span> <span class='ocrx_word' id='word_1_372' title='bbox 1399 4794 1483 4862; x_wconf 89' lang='lat' dir='ltr'><strong>absit</strong></span> <span class='ocrx_word' id='word_1_373' title='bbox 1504 4802 1679 4881; x_wconf 86' lang='lat' dir='ltr'><strong>presumat,</strong></span> <span class='ocrx_word' id='word_1_374' title='bbox 1699 4792 1759 4861; x_wconf 91' lang='lat' dir='ltr'><strong>sub</strong></span> <span class='ocrx_word' id='word_1_375' title='bbox 1782 4784 1930 4856; x_wconf 86' lang='lat' dir='ltr'><strong>‹lomini</strong></span> <span class='ocrx_word' id='word_1_376' title='bbox 1955 4780 2048 4863; x_wconf 86' lang='lat' dir='ltr'><strong>Papo</strong></span> <span class='ocrx_word' id='word_1_377' title='bbox 2069 4770 2275 4841; x_wconf 67' lang='lat' dir='ltr'><strong>Innocens</strong></span> 
     </span>
     <span class='ocr_line' id='line_1_37' title="bbox 657 4886 2283 4990; baseline -0.015 -26"><span class='ocrx_word' id='word_1_378' title='bbox 657 4903 692 4964; x_wconf 90' lang='lat' dir='ltr'><strong>et</strong></span> <span class='ocrx_word' id='word_1_379' title='bbox 709 4894 885 4981; x_wconf 88' lang='lat' dir='ltr'><strong>supradicti</strong></span> <span class='ocrx_word' id='word_1_380' title='bbox 905 4894 1132 4980; x_wconf 86' lang='lat' dir='ltr'><strong>archiepiscopi</strong></span> <span class='ocrx_word' id='word_1_381' title='bbox 1145 4897 1477 4982; x_wconf 88' lang='lat' dir='ltr'><strong>excommunicueioue,</strong></span> <span class='ocrx_word' id='word_1_382' title='bbox 1500 4905 1534 4966; x_wconf 90' lang='lat' dir='ltr'><strong>et</strong></span> <span class='ocrx_word' id='word_1_383' title='bbox 1554 4899 1613 4967; x_wconf 92' lang='lat' dir='ltr'><strong>sub</strong></span> <span class='ocrx_word' id='word_1_384' title='bbox 1632 4900 1746 4968; x_wconf 83' lang='lat' dir='ltr'><strong>harum</strong></span> <span class='ocrx_word' id='word_1_385' title='bbox 1761 4886 2013 4963; x_wconf 85' lang='lat' dir='ltr'><strong>attestacione</strong></span> <span class='ocrx_word' id='word_1_386' title='bbox 2027 4890 2283 4990; x_wconf 72' lang='lat' dir='ltr'><strong>personarum</strong></span> 
     </span>
     <span class='ocr_line' id='line_1_38' title="bbox 653 4981 2257 5094; baseline -0.014 -26"><span class='ocrx_word' id='word_1_387' title='bbox 653 4998 800 5084; x_wconf 77' lang='lat' dir='ltr'><strong>Bogulali</strong></span> <span class='ocrx_word' id='word_1_388' title='bbox 823 4996 1037 5064; x_wconf 86' lang='lat' dir='ltr'><strong>cracoviensis</strong></span> <span class='ocrx_word' id='word_1_389' title='bbox 1059 5000 1225 5082; x_wconf 83' lang='lat' dir='ltr'><strong>prepositi,</strong></span> <span class='ocrx_word' id='word_1_390' title='bbox 1256 4999 1395 5066; x_wconf 79' lang='lat' dir='ltr'><strong>Bodoms</strong></span> <span class='ocrx_word' id='word_1_391' title='bbox 1415 5000 1600 5071; x_wconf 87' lang='lat' dir='ltr'><strong>Kalisicusis</strong></span> <span class='ocrx_word' id='word_1_392' title='bbox 1622 4999 1796 5089; x_wconf 82' lang='lat' dir='ltr'><strong>prepositi,</strong></span> <span class='ocrx_word' id='word_1_393' title='bbox 1836 4984 2004 5058; x_wconf 81' lang='lat' dir='ltr'><strong>Gerardi</strong></span> <span class='ocrx_word' id='word_1_394' title='bbox 2026 4981 2257 5094; x_wconf 67' lang='lat' dir='ltr'><strong>Pozuansern</strong></span> 
     </span>
     <span class='ocr_line' id='line_1_39' title="bbox 655 5080 2244 5200; baseline -0.004 -32"><span class='ocrx_word' id='word_1_395' title='bbox 655 5102 818 5187; x_wconf 71' lang='lat' dir='ltr'><strong>preposui,</strong></span> <span class='ocrx_word' id='word_1_396' title='bbox 841 5100 909 5167; x_wconf 81' lang='lat' dir='ltr'><strong>vro</strong></span> <span class='ocrx_word' id='word_1_397' title='bbox 923 5100 1107 5168; x_wconf 65' lang='lat' dir='ltr'><strong>suessanus</strong></span> <span class='ocrx_word' id='word_1_398' title='bbox 1128 5103 1249 5186; x_wconf 67' lang='lat' dir='ltr'><strong>usaue</strong></span> <span class='ocrx_word' id='word_1_399' title='bbox 1273 5103 1407 5171; x_wconf 73' lang='lat' dir='ltr'><strong>uuas</strong></span> <span class='ocrx_word' id='word_1_400' title='bbox 1428 5105 1467 5172; x_wconf 79' lang='lat' dir='ltr'><strong>ue</strong></span> <span class='ocrx_word' id='word_1_401' title='bbox 1484 5104 1645 5175; x_wconf 79' lang='lat' dir='ltr'><strong>svemrcn</strong></span> <span class='ocrx_word' id='word_1_402' title='bbox 1664 5100 1806 5180; x_wconf 71' lang='lat' dir='ltr'><strong>nomn,</strong></span> <span class='ocrx_word' id='word_1_403' title='bbox 1833 5085 1999 5200; x_wconf 61' lang='lat' dir='ltr'><strong>Martia}</strong></span> <span class='ocrx_word' id='word_1_404' title='bbox 2015 5080 2244 5199; x_wconf 66' lang='lat' dir='ltr'><strong>nTraianou-¹</strong></span> 
     </span>
     <span class='ocr_line' id='line_1_40' title="bbox 656 5181 2283 5301; baseline -0.013 -29"><span class='ocrx_word' id='word_1_405' title='bbox 656 5203 818 5290; x_wconf 88' lang='lat' dir='ltr'><strong>prepositi.</strong></span> <span class='ocrx_word' id='word_1_406' title='bbox 845 5202 911 5270; x_wconf 85' lang='lat' dir='ltr'><strong>Sub</strong></span> <span class='ocrx_word' id='word_1_407' title='bbox 931 5203 1110 5272; x_wconf 87' lang='lat' dir='ltr'><strong>carumdem</strong></span> <span class='ocrx_word' id='word_1_408' title='bbox 1131 5206 1230 5274; x_wconf 77' lang='lat' dir='ltr'><strong>edna</strong></span> <span class='ocrx_word' id='word_1_409' title='bbox 1249 5207 1429 5274; x_wconf 81' lang='lat' dir='ltr'><strong>testimomo</strong></span> <span class='ocrx_word' id='word_1_410' title='bbox 1447 5226 1652 5292; x_wconf 87' lang='lat' dir='ltr'><strong>personarum</strong></span> <span class='ocrx_word' id='word_1_411' title='bbox 1673 5206 1786 5276; x_wconf 89' lang='lat' dir='ltr'><strong>villam</strong></span> <span class='ocrx_word' id='word_1_412' title='bbox 1810 5197 1909 5264; x_wconf 89' lang='lat' dir='ltr'><strong>Stav</strong></span> <span class='ocrx_word' id='word_1_413' title='bbox 1933 5208 1960 5256; x_wconf 86' lang='lat' dir='ltr'><strong>a</strong></span> <span class='ocrx_word' id='word_1_414' title='bbox 1974 5184 2054 5253; x_wconf 81' lang='lat' dir='ltr'><strong>blus</strong></span> <span class='ocrx_word' id='word_1_415' title='bbox 2074 5181 2283 5301; x_wconf 63' lang='lat' dir='ltr'><strong>locarunt</strong></span> 
     </span>
     <span class='ocr_line' id='line_1_41' title="bbox 657 5283 2266 5395; baseline -0.003 -20"><span class='ocrx_word' id='word_1_416' title='bbox 657 5306 880 5391; x_wconf 75' lang='lat' dir='ltr'><strong>Dobrogostio,</strong></span> <span class='ocrx_word' id='word_1_417' title='bbox 916 5304 1074 5375; x_wconf 55' lang='lat' dir='ltr'><strong>&amp;motha</strong></span> <span class='ocrx_word' id='word_1_418' title='bbox 1091 5315 1124 5375; x_wconf 88' lang='lat' dir='ltr'><strong>et</strong></span> <span class='ocrx_word' id='word_1_419' title='bbox 1144 5309 1229 5392; x_wconf 89' lang='lat' dir='ltr'><strong>aliis,</strong></span> <span class='ocrx_word' id='word_1_420' title='bbox 1259 5330 1317 5395; x_wconf 88' lang='lat' dir='ltr'><strong>pro</strong></span> <span class='ocrx_word' id='word_1_421' title='bbox 1338 5309 1389 5376; x_wconf 91' lang='lat' dir='ltr'><strong>bis</strong></span> <span class='ocrx_word' id='word_1_422' title='bbox 1410 5310 1493 5376; x_wconf 88' lang='lat' dir='ltr'><strong>villis</strong></span> <span class='ocrx_word' id='word_1_423' title='bbox 1515 5312 1792 5381; x_wconf 70' lang='lat' dir='ltr'><strong>commutavimus:</strong></span> <span class='ocrx_word' id='word_1_424' title='bbox 1837 5288 2057 5365; x_wconf 67' lang='lat' dir='ltr'><strong>Ch⁰fimfl⁰s</strong></span> <span class='ocrx_word' id='word_1_425' title='bbox 2092 5283 2266 5371; x_wconf 65' lang='lat' dir='ltr'><strong>caligo</strong></span> 
     </span>
     <span class='ocr_line' id='line_1_42' title="bbox 659 5391 2252 5498; baseline -0.006 -20"><span class='ocrx_word' id='word_1_426' title='bbox 659 5408 843 5494; x_wconf 86' lang='lat' dir='ltr'><strong>Pcatscovo,</strong></span> <span class='ocrx_word' id='word_1_427' title='bbox 864 5415 898 5478; x_wconf 90' lang='lat' dir='ltr'><strong>ot</strong></span> <span class='ocrx_word' id='word_1_428' title='bbox 918 5428 989 5477; x_wconf 87' lang='lat' dir='ltr'><strong>com</strong></span> <span class='ocrx_word' id='word_1_429' title='bbox 1010 5411 1073 5478; x_wconf 87' lang='lat' dir='ltr'><strong>ium</strong></span> <span class='ocrx_word' id='word_1_430' title='bbox 1094 5413 1200 5498; x_wconf 83' lang='lat' dir='ltr'><strong>sepius</strong></span> <span class='ocrx_word' id='word_1_431' title='bbox 1218 5411 1303 5481; x_wconf 89' lang='lat' dir='ltr'><strong>dicto</strong></span> <span class='ocrx_word' id='word_1_432' title='bbox 1326 5413 1513 5482; x_wconf 77' lang='lat' dir='ltr'><strong>tralirlimuv</strong></span> <span class='ocrx_word' id='word_1_433' title='bbox 1533 5415 1611 5484; x_wconf 89' lang='lat' dir='ltr'><strong>loco.</strong></span> <span class='ocrx_word' id='word_1_434' title='bbox 1635 5412 1842 5483; x_wconf 67' lang='lat' dir='ltr'><strong>conseram</strong></span> <span class='ocrx_word' id='word_1_435' title='bbox 1868 5398 1936 5466; x_wconf 64' lang='lat' dir='ltr'><strong>ml</strong></span> <span class='ocrx_word' id='word_1_436' title='bbox 1960 5391 2076 5456; x_wconf 61' lang='grc' dir='ltr'><strong>ΝΜ</strong></span> <span class='ocrx_word' id='word_1_437' title='bbox 2093 5404 2252 5473; x_wconf 60' lang='lat' dir='ltr'><strong>immo</strong></span> 
     </span>
    </p>
   </div>
   <div class='ocr_carea' id='block_1_10' title="bbox 0 0 2322 6240">
    <p class='ocr_par' dir='ltr' id='par_1_12' title="bbox 0 0 2322 6240">
     <span class='ocr_line' id='line_1_43' title="bbox 0 0 2322 6240; baseline 0 0"><span class='ocrx_word' id='word_1_438' title='bbox 0 0 2322 6240; x_wconf 95' lang='lat' dir='ltr'><strong> </strong></span> 
     </span>
    </p>
   </div>
  </div>
 </body>
</html>
