4574 6240
279 62 291 473 l

277 754 286 1086 ι

274 1096 285 1451 l

1168 588 1244 676 Νι.
1276 583 1377 675 208

593 788 788 890 Gregorius
815 785 879 889 Pp·
905 785 963 868 IX
990 788 1119 868 1238
1145 785 1253 868 Mari.
1280 787 1367 883 23,
1392 784 1582 887 Laterani3
1618 798 1784 868 confirmat
1812 801 2040 885 possessiomm

491 915 610 982 Domus
631 906 671 972 dc
688 904 816 973 Perenni
838 912 872 973 et
892 905 1043 973 bonerum
1064 907 1106 972 nd
1124 906 1255 973 medem
1273 906 1514 988 pertinentium,
1543 922 1624 988 quoe
1654 902 1684 970 b.
1707 922 1749 971 ιιι.
1771 903 1884 971 Meske
1905 922 1945 973 ac
1965 902 2043 970 Vlc-

491 1012 610 1083 dlslaus
631 1009 715 1075 tillus
737 1008 845 1093 ipsius,
867 1008 964 1075 duces
983 1009 1142 1090 Pelenlae,
1165 1008 1316 1075 natabus
1338 1007 1513 1092 Hospitalis
1534 1006 1776 1076 ierosolimitnoi
1798 1006 2007 1074 contulerant

595 1116 709 1191 Prepa
737 1113 857 1176 helie.
876 1117 1035 1190 ρήοναιιιι
1062 1115 1185 1178 Ordinis
1206 1116 1337 1190 epileum
1358 1115 1567 1178 Μειὲιοιιιίιυιι.
1595 1113 1710 1192 (Kepio
1731 1132 1759 1174 w
1780 1114 1915 1192 usauria
1929 1114 2042 1191 pople-

492 1200 610 1298 Μ,
632 1214 686 1278 ιιι
707 1216 893 1278 omme
911 1212 1039 1290 ocrea·
1056 1221 1155 1295 peno
1176 1215 1305 1279 rem
1321 1214 1441 1287 mem)

596 1435 768 1520 Gregorius
786 1434 951 1519 episeopus
969 1453 1078 1502 servus
1099 1453 1261 1503 serverum
1282 1432 1361 1516 Dei,
1387 1434 1512 1502 dilectis
1538 1433 1612 1502 liliis
1633 1436 1732 1521 priori
1750 1440 1784 1504 et
1805 1433 1957 1503 iratribus
1978 1433 2045 1502 He-

399 1596 403 1604 .
494 1538 617 1629 epitalls
643 1536 931 1622 Hyereselymitanl
960 1536 992 1602 in
1020 1537 1163 1604 blerovlo
1191 1536 1326 1604 salutem
1351 1543 1386 1603 et
1411 1536 1618 1620 apostolicam
1647 1537 1904 1606 benedictionem.
1948 1537 2046 1605 luatis

494 1641 668 1733 petentium
687 1638 851 1706 desiderils
868 1638 997 1723 dignum
1019 1644 1069 1706 est
1090 1656 1147 1706 nes
1168 1639 1292 1706 mellens
1312 1637 1444 1721 prebere
1466 1656 1662 1721 eonsensum,
1683 1646 1718 1707 et
1738 1648 1814 1707 seta
1832 1659 1894 1724 que
1914 1641 2047 1709 aratio-

494 1747 544 1816 nis
565 1743 694 1811 tramite
722 1760 787 1808 nen
807 1740 999 1822 dissertiunt,
1021 1741 1135 1809 effecto
1155 1749 1364 1826 prosequente
1385 1741 1549 1825 eomplere
1594 1741 1773 1831 Euprepter
1801 1742 1961 1811 dilactl'lo
1983 1742 2048 1810 De·

494 1849 579 1919 nino
600 1846 669 1928 filii,
688 1845 801 1912 restas
823 1844 917 1912 iustis
931 1843 1196 1928 postulationibus
1213 1851 1306 1928 grate
1329 1851 1549 1912 concurrentes
1563 1862 1703 1927 assensu,
1717 1844 1854 1911 Βοιιιιιιι
1867 1844 1907 1912 de
1921 1844 2049 1912 Peanan

496 1970 567 2022 eum
588 1948 672 2017 villis
693 1947 988 2033 pertinentibusad
1010 1947 1151 2028 eandem
1172 1966 1268 2031 quam
1282 1947 1368 2013 clare
1387 1946 1537 2014 memorie
1557 1947 1601 2015 lo.
1620 1964 1660 2015 ac
1680 1946 1721 2013 V.
1744 1944 1829 2013 lilios
1848 1946 1927 2029 eius,
1952 1945 2049 2014 duees

497 2052 637 2134 Pelenie,
652 2051 694 2120 ab
707 2050 852 2119 omnibus
866 2051 1083 2118 exacdenibus
1096 2049 1289 2117 seeuhdbus
1302 2056 1481 2134 exemptam
1490 2049 1579 2117 vebis
1588 2055 1684 2136 prout
1697 2048 1898 2134 pertinebant
1910 2047 1952 2116 ad
1965 2048 2051 2132 ipsos

495 2157 550 2243 pla
577 2161 612 2222 et
639 2152 771 2238 provida
796 2152 989 2221 liberalitate
1018 2154 1208 2221 contemsisse
1239 2151 1399 2235 dleuntur,
1435 2153 1523 2220 velut
1552 2152 1586 2218 in
1615 2170 1725 2219 eorum
1754 2151 1871 2219 litteris
1899 2149 2051 2219 malaeus

496 2257 609 2327 exinde
629 2256 760 2324 nammis
781 2255 906 2339 plenius
926 2256 1117 2337 sentinetur,
1139 2272 1196 2322 nec
1218 2273 1280 2321 non
1302 2255 1514 2339 pessmsienes
1535 2259 1569 2321 et
1590 2253 1655 2322 alia
1676 2253 1760 2322 bona
1779 2260 1886 2322 vestm
1907 2253 1991 2321 sicut
2010 2272 2051 2321 en

496 2359 603 2429 omnm
623 2359 706 2427 iuste
726 2377 765 2427 ae
786 2357 916 2443 pacifice
934 2358 1111 2443 possidetis,
1132 2357 1222 2425 vebis
1242 2364 1276 2426 et
1298 2376 1356 2443 per
1375 2374 1433 2426 ees
1454 2356 1613 2443 Hospitali
1639 2362 1744 2425 vestm
1764 2359 1957 2425 aucmrltate
1975 2374 2053 2442 apo-

498 2464 612 2533 stoliea
634 2461 854 2530 confirmamus
875 2468 910 2529 et
930 2461 1086 2546 presentis
1108 2461 1218 2546 scripti
1238 2460 1414 2544 patrocinio
1437 2459 1675 2527 communimus.
1719 2458 1808 2526 Nulli
1828 2479 1903 2544 erge
1923 2460 2053 2528 omnine

497 2565 660 2634 bominum
681 2565 776 2632 beent
796 2563 879 2632 benc
900 2563 1048 2648 pagiuam
1066 2569 1174 2630 nosue
1194 2559 1440 2632 mndrmatienls
1466 2561 1636 2646 infringere
1656 2560 1706 2630 sel
1731 2563 1761 2630 ei
1782 2579 1863 2630 ausu
1884 2562 2052 2630 tememrie

497 2667 664 2737 eorumne
709 2665 744 2734 Si
769 2667 841 2751 qun
863 2671 971 2734 autem
992 2666 1052 2733 boc
1080 2670 1272 2750 attemptare
1294 2667 1529 2750 presumpserit,
1558 2665 1807 2751 indignationem
1828 2664 2053 2752 omnipotentis

498 2770 558 2840 Dei
579 2777 614 2838 et
633 2769 797 2839 beaterum
819 2768 907 2837 Petri
928 2775 963 2837 et
982 2768 1075 2836 Pauli
1094 2768 1310 2853 apostolerum
1328 2768 1396 2836 eius
1417 2785 1452 2835 se
1474 2769 1597 2836 neverit
1616 2768 1825 2836 incursumnn
1848 2767 1969 2835 Datum
1989 2765 2052 2833 La·
2076 2786 2080 2793 ·

499 2869 1537 2957 manxssuemmapntmponumamsnostnmnem

1039 3221 1042 3228 ’
1170 3223 1247 3310 Nr.
1280 3215 1381 3310 209.
2027 3329 2030 3334 Ι

604 3437 802 3543 Gregorius
827 3435 891 3542 ep.
917 3435 976 3520 IX
1003 3437 1138 3519 1238
1163 3435 1272 3522 biart
1304 3441 1386 3536 25,
1411 3434 1607 3540 Ιιιιιιιιιίς
1627 3451 1758 3524 nmmo
1780 3450 1925 3523 ernado
1945 3453 2055 3532 Mete

267 3614 273 3631 .
424 3625 427 3629 .
501 3561 572 3630 vire
591 3566 627 3628 et
644 3559 809 3628 laudaiae
830 3565 865 3626 et
886 3557 958 3625 aliie
972 3557 1103 3628 ducibus
1118 3557 1277 3639 Polemios,
1291 3576 1332 3625 oe
1345 3557 1487 3625 homines
1502 3556 1652 3627 eeclesiae
1666 3556 1861 3626 Goezoeueie
1877 3558 2077 3655 meletae„
2112 3613 2123 3638 ,

610 3665 747 3740 Pleione,
772 3664 967 3729 umens
989 3664 1090 3727 bitem
1113 3664 1258 3727 Poleeiuc
1281 3663 1310 3743 1,
1334 3662 1387 3726 70.

605 3864 778 3952 amna
799 3869 964 3954 epscopus
984 3866 1079 3952 (ee),
1101 3865 1226 3935 mactis
1244 3843 1317 3942 ruis
1336 3865 1494 3934 neuen
1514 3866 1590 3934 ves
1612 3865 1648 3935 c.
1672 3865 1816 3936 uanae
1836 3873 1870 3933 et
1889 3864 2060 3934 manee

502 3976 537 4038 et
557 3969 629 4039 aliis
649 3968 781 4037 duetus
799 3968 929 4039 Pelenie
951 3971 1087 4039 salumn
1109 3969 1208 4056 (ern).
1253 3968 1318 4037 Sua
1340 3967 1431 4036 nebls
1452 3969 1638 4038 venerabilis
1660 3969 1761 4041 stater
1780 3974 1890 4037 nesmr
1904 4019 1914 4037 .
1929 4019 1938 4038 .
1954 3969 2060 4038 arabi
2172 4006 2175 4011 ·

503 4072 669 4160 episeopus
689 4072 885 4140 Gnanensls
914 4075 1067 4159 petitione
1095 4073 1304 4154 monstrabat,
1334 4072 1419 4157 qued
1444 4092 1515 4141 curu
1536 4073 1612 4142 olim
1633 4074 1675 4143 ad
1696 4081 1839 4142 nestram
1867 4072 2061 4142 audiendam

503 4176 697 4262 peremisset
718 4174 804 4260 qued
825 4193 881 4241 ves
903 4174 1046 4244 hemines
1064 4176 1292 4245 eathedraiium
1322 4184 1356 4242 at
1386 4175 1520 4244 aliarum
1541 4176 1744 4244 acclmiarum
1772 4177 1966 4244 Gneanensls
1988 4195 2061 4261 pre·

264 4234 270 4388 ἒ
388 4286 391 4292 ’
503 4276 606 4346 rineie
628 4279 777 4362 angariis,
799 4279 995 4362 perangariis
1017 4285 1051 4346 et
1070 4278 1275 4364 vectigalibus
1296 4278 1436 4362 gmritcr
1455 4276 1633 4363 affligendo,
1655 4297 1720 4361 ees,
1742 4285 1780 4346 ut
1793 4287 1916 4347 vermos
1931 4286 2060 4346 renato·

505 4398 556 4449 res
577 4381 611 4446 in
632 4379 777 4447 domibus
797 4382 864 4447 suis
887 4382 1063 4465 reciperent
1084 4399 1122 4450 ac
1143 4381 1232 4448 subis
1255 4380 1492 4464 procurationes
1513 4381 1670 4452 indebitas
1692 4381 1887 4465 exhiberent,
1914 4383 1947 4449 ln
1968 4400 2062 4465 expe·

505 4480 678 4550 ditionibus
705 4485 820 4551 vostris
851 4485 987 4568 propriis
1018 4485 1183 4569 stipendiis
1212 4484 1386 4551 militarent
1414 4488 1448 4550 et
1475 4485 1588 4551 restris
1612 4484 1839 4554 munitionibus
1863 4491 1897 4554 et
1917 4483 2089 4551 domibus-

506 4585 724 4652 remouendls
747 4587 939 4669 insisterent,
968 4595 1080 4655 eontra
1105 4588 1259 4655 iustitium
1282 4587 1453 4670 cogeretis,
1484 4592 1518 4654 et
1545 4586 1625 4656 alias
1647 4608 1705 4674 per
1726 4605 1781 4655 ees
1803 4594 1871 4657 tam
1891 4587 2063 4655 enormiter

505 4694 724 4770 mourmtur,
745 4688 830 4772 qued
851 4708 909 4757 nec
930 4692 997 4758 suls
1019 4696 1169 4777 poteram
1190 4707 1302 4759 vacare
1323 4689 1458 4773 negmils
1479 4708 1537 4758 nec
1551 4690 1682 4776 prelatis
1696 4698 1734 4759 ut
1754 4698 1903 4760 enentnr
1921 4689 2062 4758 eseam

506 4787 674 4874 deservire,
693 4799 727 4860 et
744 4792 965 4861 nichilominus
984 4815 1004 4861 a
1026 4795 1115 4862 vebis
1136 4800 1170 4863 et
1191 4793 1304 4861 restris
1321 4791 1507 4861 officialibus
1533 4792 1748 4862 lmlidmenter
1769 4800 1922 4878 tanquam
1943 4793 2063 4877 proprii

507 4893 589 4960 servi
609 4895 708 4961 uestri
730 4897 994 4980 compellerentur
1015 4897 1174 4984 obsequiis
1196 4905 1229 4967 et
1250 4896 1372 4967 indiciis
1394 4896 1573 4965 subiecere:
1600 4897 1771 4967 venerabili
1791 4898 1884 4966 fratri
1906 4902 2016 4962 nostre
2031 4944 2064 4961 ..

507 4995 654 5081 episeopo
673 4998 831 5082 quendam
854 5000 1027 5069 Mutinensi
1050 5003 1261 5089 penitentium
1284 5007 1392 5067 nestro
1421 5000 1593 5086 apostolice
1616 4999 1706 5069 Sedis
1727 5000 1848 5087 [legato
1870 4998 2063 5084 mnpsimus,

259 5090 265 5125 ³
371 5147 376 5155 .
508 5104 547 5166 ut
566 5097 675 5184 ulique
696 5102 931 5187 eonsuetudinc,
954 5123 1017 5190 que
1038 5105 1217 5192 conspecu
1239 5105 1344 5189 potius
1365 5103 1491 5186 dicitur,
1506 5121 1569 5170 nen
1587 5103 1744 5187 emmae,
1759 5120 1815 5170 eos
1830 5102 1871 5171 ab
1885 5101 2064 5169 huiusmodi

509 5198 662 5269 molestiis
679 5202 836 5273 dictorum
858 5203 1020 5278 bominum
1042 5210 1232 5279 coherceret.
1276 5207 1434 5292 Pretcrce,
1458 5225 1529 5277 cum
1551 5211 1589 5274 tu
1608 5207 1654 5274 tili
1672 5205 1738 5275 dux
1763 5205 1905 5276 blacerio
1926 5211 1961 5273 et
1982 5203 2066 5274 Iao·

1855 5325 1893 5384 11
