4492 6224
570 473 616 548 16

566 673 839 758 utilitatibusque
860 671 892 738 in
914 672 960 739 eis
981 677 1057 739 suut
1076 691 1114 740 ac
1135 670 1168 739 iu
1189 676 1352 757 posterum
1372 668 1536 756 provenire
1557 674 1717 755 poterunt,
1735 667 1768 737 in
1783 674 1926 737 nostram
1941 687 1995 737 eos
2009 669 2113 740 defeu-

565 777 685 846 sionem
700 775 905 860 suscipientes
919 794 957 842 ac
971 774 1203 842 successoribus
1218 775 1336 842 nostris
1347 795 1403 859 per
1413 793 1505 842 ornne
1519 780 1644 859 tempus
1662 773 1872 842 defendendos
1885 775 2111 861 commitantes,

565 879 633 948 eolo
652 879 915 947 remuneracionis
936 877 1040 945 divine
1059 879 1186 952 intuitu.
1224 877 1292 944 Iam
1315 879 1452 946 verusio
1473 884 1625 946 notantur
1642 878 1874 962 possessionum
1892 877 1976 945 lucro:
1999 878 2113 949 Kossol

566 982 619 1051 ubi
642 983 850 1051 concessemus
872 1001 940 1049 esse
958 980 1060 1049 lorum
1079 982 1164 1049 omni
1185 980 1333 1048 libertate
1347 982 1483 1065 plenum,
1499 981 1612 1058 Dolon,
1628 982 1768 1063 biurslru,
1784 981 1883 1049 Clobu
1896 987 1930 1047 et
1944 982 2112 1066 Musaeum

565 1084 699 1153 istarum
718 1104 793 1170 ergo
811 1085 957 1152 villarum
976 1083 1118 1151 laomines
1140 1089 1288 1151 tenentur
1309 1083 1429 1150 solvere
1449 1084 1563 1168 singuli
1585 1105 1643 1169 pru
1665 1085 1745 1152 festo
1761 1085 1863 1152 suncti
1877 1085 2041 1152 Michaelis
2057 1086 2113 1156 LX

565 1187 742 1282 manipulos
760 1186 903 1271 siliginis,
923 1187 1061 1253 modium
1084 1206 1189 1268 avene,
1217 1205 1396 1253 mensuram
1423 1187 1537 1270 tritici,
1562 1194 1628 1256 tres
1650 1208 1746 1256 urnas
1767 1188 1880 1270 brasei,
1903 1189 2042 1272 quinque
2064 1209 2114 1274 ca·

565 1291 656 1377 peciu
673 1309 806 1373 annone,
828 1297 946 1358 metere
964 1289 1026 1357 duo
1048 1289 1191 1375 plaustra
1220 1288 1283 1356 feni
1310 1289 1504 1373 totidemque
1531 1289 1697 1374 lignorum,
1723 1292 1801 1359 duos
1820 1297 1949 1357 truncos
1969 1291 2009 1357 de
2030 1293 2113 1376 pinu,

565 1413 624 1480 per
641 1400 706 1462 tres
726 1393 890 1461 continuos
919 1393 986 1460 dies
1013 1411 1084 1460 cum
1114 1398 1184 1460 tota
1204 1392 1324 1459 familia
1349 1399 1470 1476 segetes
1502 1411 1652 1478 purgare,
1682 1414 1739 1480 per
1766 1414 1865 1461 unum
1890 1394 1974 1461 diem
2000 1394 2114 1479 singuli

565 1495 734 1580 cumulare,
754 1502 819 1564 tres
840 1496 927 1562 lritas
948 1496 1005 1562 lini
1026 1495 1112 1563 dare.
1158 1494 1356 1563 contulimus
1377 1501 1410 1562 et
1439 1494 1496 1562 bus
1527 1496 1714 1565 subnotatas
1745 1496 1938 1565 hereditates
1955 1493 2037 1565 'cum
2059 1498 2114 1567 hu·

564 1598 702 1668 minibus
724 1604 758 1667 et
779 1598 923 1665 omnibus
953 1598 1146 1664 utilitatibus
1172 1617 1234 1681 que
1260 1598 1294 1664 in
1320 1597 1365 1664 eis
1396 1604 1471 1666 sunt
1499 1604 1533 1667 et
1554 1607 1628 1684 post
1649 1601 1824 1668 successive
1852 1619 1922 1668 esse
1950 1607 2113 1685 poterunt:

566 1701 729 1784 Szetleuo,
751 1701 885 1787 Rugowo
908 1720 979 1767 cum
1001 1699 1195 1769 Sanctuariis
1217 1706 1251 1768 et
1272 1699 1470 1783 stabulariis,
1485 1700 1672 1770 Grabienice
1687 1722 1757 1771 cum
1772 1703 1953 1786 camerario,
1973 1703 2113 1773 Slauslro

566 1824 638 1874 uam
658 1804 877 1890 piscatoribus,
899 1803 1109 1888 Wyramowo,
1130 1803 1327 1885 Kwaslruwo,
1351 1803 1508 1888 Chorzen,
1538 1804 1738 1873 Storulmdm
1782 1806 1830 1875 Ut
1850 1813 1956 1874 autem
1979 1807 2038 1875 hoc
2059 1828 2114 1876 uo·

569 1913 673 1976 strum
693 1906 812 1977 iactum
838 1907 878 1975 ad
906 1907 1057 1975 honorem
1085 1906 1145 1974 Dei
1174 1915 1344 1990 sancteque
1371 1908 1533 1991 genitricis
1561 1909 1663 1977 Murie
1692 1929 1816 1995 semper
1850 1911 1980 1994 virginis
2021 1909 2116 1979 robur

565 2017 717 2098 perpetue
738 2011 898 2079 firmitatis
919 2010 1071 2093 obtineat,
1093 2017 1270 2096 presentem
1299 2010 1441 2077 wicum
1466 2012 1563 2096 sigilli
1592 2015 1693 2081 nostri
1716 2014 1863 2081 simulet
1882 2014 1993 2080 annuli
2014 2015 2114 2080 muni-

565 2115 650 2185 mine
667 2116 814 2184 duximus
831 2115 1048 2183 roborandam.
1092 2117 1174 2183 Acta
1195 2114 1253 2182 bec
1271 2120 1346 2181 suut
1367 2115 1401 2180 iu
1422 2113 1574 2183 Guezdnu
1598 2117 1632 2183 in
1658 2116 1710 2184 die
1737 2116 1824 2185 beati
1845 2117 2010 2185 adalberti
2032 2137 2114 2186 anno

565 2217 889 2301 nonistorum,
905 2217 1290 2303 IndictieneIX,Epacta
1309 2236 1384 2284 roro
1403 2216 1459 2300 VI,
1477 2219 1676 2302 presentibus
1696 2220 1773 2288 viris
1794 2221 2013 2288 ecelesiasticis
2031 2220 2115 2287 eide·

565 2322 654 2391 licet:
677 2322 772 2390 Petro
790 2321 1024 2407 archiepiscopo
1045 2327 1154 2388 sancte
1168 2319 1384 2388 Gnezdnensis
1405 2320 1544 2403 ecclesie,
1567 2322 1706 2389 Martino
1727 2324 1873 2409 episeopo
1893 2323 2116 2391 Poznanieusis

565 2425 704 2508 ecclesie,
727 2425 888 2510 Stephano
909 2425 1068 2510 preposito
1090 2423 1216 2504 ibidem,
1240 2422 1409 2490 citharedo
1438 2423 1566 2507 decano,
1599 2424 1735 2493 larossio
1757 2427 1909 2512 palatim,
1931 2427 2115 2512 Bogupbalo
2226 2439 2228 2442 ·

565 2528 736 2598 metellum
758 2526 1025 2631 Gnezdneusibus,
1046 2526 1157 2595 Ulriou
1175 2525 1337 2612 capellano
1358 2531 1392 2593 et
1413 2525 1484 2594 aliis
1504 2545 1600 2611 quam
1620 2528 1763 2613 pluribus
1782 2530 1949 2599 nobilibus

549 2811 553 2818 .
628 2754 630 2758 “
668 2735 846 2822 Bergeusis,
869 2739 907 2802 dc
928 2738 1157 2814 Alcen-Bacca
1186 2730 1313 2815 Laudo,
1337 2735 1412 2820 epe.
1457 2732 1571 2801 Wurla
1591 2732 1676 2818 flue,
1698 2738 1766 2801 dzr'i
1787 2740 1841 2801 tol
1854 2758 1946 2805 mmo.
1991 2737 2115 2822 Kossol,

495 2904 499 2916 ,
565 2841 689 2907 Ketciel
705 2840 755 2904 leo.
780 2843 1086 2921 neocaesaream
1122 2858 1165 2902 aa
1192 2835 1307 2902 iterim
1331 2841 1452 2922 stenem
1477 2837 1604 2918 peisti&
1625 2845 1804 2907 miceteczlco
1825 2843 1938 2928 dodel.
1982 2840 2115 2926 Dolany,

564 2943 634 3009 uzu
654 2952 719 3009 te.
764 2940 873 3024 Clobo,
896 2943 1015 3007 rroora
1058 2939 1180 3021 Morsk,
1202 2939 1271 3004 dzii
1290 2945 1373 3004 mete
1396 2943 1511 3006 Molee.
1549 2940 1714 3025 Moszewe,
1729 2948 1838 3024 apae
1851 2947 1915 3022 jak
1928 2949 1973 3031 εἰς
1990 2944 2118 3026 peinis]

562 3049 717 3128 poleam
736 3066 812 3111 zoae
834 3044 987 3127 chocene,
1018 3043 1235 3110 cormacco.
1279 3041 1441 3126 Szetlewo,
1466 3043 1613 3129 Begorra,
1635 3047 1703 3111 azir
1722 3050 1776 3111 tel
1796 3067 1886 3114 eaeo.
1927 3046 2116 3130 Sanctuarii,
2215 3105 2216 3108 ,

566 3151 733 3236 &wollt
778 3147 950 3216 Stabularii
970 3149 1102 3230 (obora)
1122 3153 1173 3213 aie
1193 3150 1389 3227 coccam
1419 3145 1616 3233 Grabieuiee,
1639 3148 1791 3233 Slaersko,
1812 3152 1880 3217 uzu
1900 3160 1921 3216 t.
1943 3173 1967 3217 a
2003 3150 2117 3237 Wyra·

564 3270 676 3335 moero,
696 3251 893 3335 Keraskoeeo,
915 3256 966 3318 nic
983 3255 1178 3331 edocentem
1214 3248 1372 3334 chencii,
1401 3250 1470 3316 azir
1487 3260 1508 3316 t.
1529 3272 1553 3317 e.
1599 3251 1693 3321 Stura
1712 3253 1820 3338 lenku,
1844 3260 1896 3321 aie
1917 3259 2113 3337 macedone

1249 3534 1323 3619 Nr.
1358 3531 1426 3619 11.

668 3746 787 3833 bisam
814 3745 1200 3831 duxPolouie1145
1226 3747 1316 3854 Apu.
1341 3752 1424 3848 28,
1448 3747 1493 3833 in
1519 3749 1702 3856 duonum
1723 3769 1950 3838 manassem
1968 3769 2008 3838 ue
2025 3769 2119 3838 nze

565 3888 692 3939 meno
713 3869 747 3936 iu
767 3887 857 3937 suam
878 3868 1012 3953 suscipit
1032 3887 1140 3936 curam
1170 3887 1208 3937 ac
1235 3869 1421 3939 donationes
1448 3869 1563 3939 ducum
1591 3871 1790 3965 militumque
1817 3871 1967 3942 Polouiae
1992 3874 2025 3941 in
2043 3873 2117 3942 sub·

567 3973 682 4043 sidium
703 3972 842 4042 eiusdem
863 3972 1046 4040 monasterii
1068 3972 1201 4040 collatus
1220 3973 1395 4042 confirmet

670 4080 834 4159 Pergamia
854 4080 969 4158 orygis
1012 4078 1095 4140 nete
1119 4080 1202 4143 mule
1226 4080 1355 4164 οΙσᾳρῐι
1380 4081 1500 4143 maret
1519 4082 1561 4143 ed
1575 4083 1816 4160 mmmm
1833 4085 1976 4168 pieczgci
2005 4085 2117 4160 Brchi

565 4183 686 4270 abolete,
702 4184 799 4262 piemo
818 4202 837 4244 ι
855 4177 1017 4261 psanezas
1034 4183 1151 4261 polone
1169 4182 1271 4248 rm.
1300 4185 1404 4246 micitia
2139 4268 2144 4276 ἱ

675 4285 877 4349 rnemmno.
921 4285 1041 4349 Arellio.
1063 4286 1148 4348 Coae.
1173 4287 1245 4349 Coa
1267 4287 1341 4364 nep.
1364 4287 1466 4352 lutea
1495 4285 1697 4371 (Rzpnczere.
1722 4289 1885 4353 Macedon.
1913 4291 1982 4352 θοὰ.
2001 4292 2118 4370 diplom.

568 4391 670 4454 nona
693 4390 751 4470 rr,
774 4390 829 4454 ro.
855 4386 946 4474 rec.)

669 4590 708 4659 In
729 4593 855 4660 nundus
875 4599 986 4662 sancte
1002 4599 1037 4661 et
1058 4593 1216 4662 individue
1236 4594 1403 4664 Trinitatis
1424 4615 1526 4666 emen.
1562 4596 1716 4678 Quoniam
1738 4597 1919 4666 testimonio
1940 4598 2119 4667 litterarum

565 4699 658 4780 geste
678 4694 839 4763 hominum
861 4697 996 4764 maxime
1017 4704 1256 4782 perpetuantur,
1280 4699 1397 4767 idcireo
1418 4707 1615 4768 necesse-cst
1636 4700 1778 4768 acciones
1795 4699 1965 4784 legittimus
1979 4723 2040 4787 que
2055 4721 2119 4769 me·

568 4797 670 4866 morio
691 4797 842 4883 indigent,
865 4818 922 4884 per
943 4799 1054 4885 scripti
1076 4801 1304 4869 continenciam
1325 4803 1359 4868 in
1373 4803 1524 4871 noticiam
1538 4802 1714 4870 transmitti
1727 4809 1936 4888 posterorum.
1967 4807 2119 4874 Noverint

566 4899 665 4986 igitur
683 4901 820 4968 uniuersi
842 4908 1004 4986 presentes
1026 4907 1059 4969 et
1081 4901 1189 4984 futuri,
1213 4904 1297 4989 quod
1318 4924 1375 4972 nus
1404 4906 1510 4974 Mesae
1540 4906 1600 4974 Dei
1627 4905 1735 4990 gracia
1762 4907 1826 4974 dux
1850 4909 1989 4990 Polonie,
2018 4911 2119 4994 patris

567 5003 669 5071 nostri
690 5003 847 5071 Boleslaei
868 5004 1002 5072 illustris
1024 5005 1262 5090 recordacionis,
1293 5009 1459 5093 presertim
1484 5010 1517 5076 in
1539 5010 1586 5077 eis
1607 5027 1669 5092 que
1690 5010 1731 5077 ad
1752 5008 1903 5080 honorem
1925 5013 1984 5081 Dei
2009 5021 2042 5082 et
2063 5034 2119 5080 no·

567 5112 668 5176 stram
685 5107 822 5176 salutern
845 5127 882 5176 ac
911 5109 1071 5193 religionis
1099 5118 1301 5192 augmentum
1331 5111 1416 5180 iactu
1445 5131 1514 5180 esse
1540 5114 1763 5196 cognoscimus,
1796 5116 1982 5199 ymitatorcs
2006 5115 2118 5201 ydonei

569 5209 638 5279 fieri
660 5211 830 5296 cupientes,
854 5214 1079 5280 monasterium
1103 5212 1345 5282 Cheremcsense
1367 5216 1557 5300 regularium
1580 5216 1799 5284 carroniuorum
1817 5216 1859 5285 ab
1880 5219 1948 5304 ipso
1963 5220 2118 5287 instaura·

571 5318 648 5390 bem,
671 5315 704 5382 in
726 5320 868 5382 uestram
890 5335 997 5383 curam
1019 5335 1078 5400 pro
1099 5317 1198 5402 ipsius
1217 5337 1256 5386 ac
1284 5326 1395 5389 nostre
1423 5320 1526 5388 salute
1555 5321 1748 5407 suscepimus
1776 5325 2001 5407 protegendum
2022 5330 2119 5410 atque

567 5417 804 5487 medoraudum.
848 5419 961 5505 Itaque
981 5420 1022 5488 ud
1045 5422 1232 5506 peticionem
1254 5422 1372 5490 domiui
1400 5425 1553 5510 propositi
1581 5423 1736 5493 chardi
1760 5444 1799 5493 oc
1825 5424 1960 5495 fratrum
1981 5446 2118 5506 suorum,
