4574 6240
655 492 705 567 86

653 692 687 761 ld
707 698 762 761 tae
782 692 947 777 prudentie
967 691 1113 760 «tonnus
1134 692 1382 777 relinquendum.
1420 692 1485 761 Sub
1509 691 1766 786 interminatione
1794 697 1901 759 autem
1921 690 2132 763 anathematis
2150 704 2189 773 lt
2250 699 2264 749 ἓ
2277 688 2284 732 7

653 794 797 864 strictius
818 793 1021 877 inohibemos,
1055 815 1095 863 uo
1116 797 1281 880 quisqmun
1304 788 1677 880 tenam'baptizatorum
1698 793 1739 862 de
1759 792 1889 861 Prussia
1910 793 1979 861 sino
1999 797 2191 879 pennissionp
2269 845 2277 858 .

653 898 704 965 sai
722 898 860 982 episcopi
881 918 951 967 cum
973 899 1113 966 exercitu
1134 899 1254 965 intrare
1276 904 1455 982 presumat,
1488 898 1564 982 quia
1585 897 1644 964 Dei
1666 902 1700 964 et
1720 902 1864 965 nostram
1885 896 2131 977 indignationem
2150 907 2191 977 in.
2261 901 2273 939 -’

653 1006 795 1069 eameret
827 1001 882 1085 qui
904 1000 943 1068 de
964 1005 1069 1068 eetero
1091 1001 1123 1067 in
1143 1007 1234 1068 tante
1254 1000 1499 1086 presumptionis
1520 1000 1684 1067 audaciam
1706 999 1876 1084 prosiliret
1914 997 2034 1066 Datum
2051 998 2191 1082 Lam
2268 1010 2274 1017 ·

653 1102 730 1172 xv1
749 1102 908 1171 Kalendas
928 1103 1048 1185 Martii,
1071 1102 1273 1188 pontificatus
1294 1105 1395 1173 nostri
1417 1122 1500 1171 auno
1522 1103 1634 1188 primo.

1343 1403 1417 1490 Nr.
1450 1399 1519 1489 93.

757 1598 939 1682 Honorius
964 1598 1027 1704 Pp,
1053 1599 1118 1683 ΠΙ
1144 1604 1265 1681 1217
1291 1601 1393 1684 l'obr.
1423 1605 1509 1696 22,
1535 1599 1726 1703 Laterani;
1765 1616 1939 1684 wraasuo
1972 1615 2043 1682 ouo
2077 1615 2117 1685 oe
2136 1618 2193 1690 lu·
2274 1706 2278 1712 ‚

654 1717 712 1786 lisa
732 1719 872 1802 mandat,
893 1719 1030 1788 ilenrico
1051 1719 1123 1787 duci
1143 1719 1272 1788 Silesiae
1291 1727 1430 1788 ostrum
1451 1721 1491 1788 de
1512 1720 1620 1787 Kalisz
1643 1721 1802 1788 restituat

761 1824 897 1904 steten,
920 1824 1400 1889 nemorumnemorum
1423 1828 1452 1907 I,
1475 1827 1503 1889 6.

756 2025 917 2095 Honorius
945 2028 1110 2113 episeopus
1132 2035 1231 2110 (etc),
1269 2028 1383 2096 dileeto
1412 2029 1478 2096 lilio
1499 2028 1599 2096 nobili
1618 2029 1687 2096 viro
1709 2026 1904 2096 wladislavo
1946 2027 2018 2095 duei
2051 2027 2092 2096 de
2112 2029 2195 2100 Kalis
2266 2058 2287 2106 ,·

653 2129 790 2197 sunam
812 2136 908 2209 (ee).
938 2130 1205 2216 exportanda
1226 2131 1333 2199 aneos
1354 2130 1412 2198 ers
1432 2132 1546 2199 nausis
1568 2132 1629 2198 ver
1648 2130 1691 2198 ιι.
1710 2130 1800 2199 oues
1821 2130 1924 2199 nare
1946 2133 2128 2215 conquesta
2146 2153 2196 2219 ps·

654 2231 775 2316 teieoit,
813 2234 897 2319 quod
916 2253 987 2303 eum
1008 2234 1127 2302 dudum
1155 2242 1188 2302 te
1214 2235 1254 2302 ab
1275 2235 1450 2303 hereditate
1470 2240 1527 2302 tua
1545 2234 1662 2303 iniuste
1682 2234 1848 2319 depulsum
1870 2252 1908 2302 ao
1941 2233 2095 2301 bellorum
2115 2236 2196 2306 elale

653 2341 837 2420 quassatum
858 2338 891 2404 in
912 2344 1029 2405 terram
1051 2356 1140 2405 suam
1163 2345 1231 2405 turn
1252 2339 1382 2424 pietatis
1404 2344 1472 2405 tum
1493 2336 1777 2421 eousanguinitatis
1797 2337 1917 2404 intuito
1935 2337 2121 2421 recepisset,
2150 2359 2195 2407 ea·

593 2502 596 2508 .
653 2442 817 2523 atrumque
838 2457 929 2506 suum
950 2439 991 2508 de
1013 2438 1098 2508 Calis
1117 2441 1176 2508 tibi
1197 2460 1255 2524 pro
1277 2441 1342 2508 rite
1361 2446 1416 2507 tue
1437 2439 1577 2507 subsidio
1597 2440 1792 2523 assignasset
1812 2441 1947 2526 prestito
1968 2458 1989 2506 a
2011 2447 2044 2508 te
2057 2441 2196 2524 primitus
2261 2503 2287 2533 ιι

653 2539 845 2623 iuramento,
872 2541 957 2626 quod
978 2548 1051 2627 post
1071 2544 1341 2628 recuperationem
1363 2549 1448 2610 terre
1466 2550 1535 2624 tue,
1557 2541 1685 2610 fortuna
1706 2542 1766 2609 tibi
1787 2560 1937 2627 prospere
1957 2543 2129 2624 arridente,
2151 2565 2196 2614 ea·
2257 2554 2281 2632 ,ζ

653 2649 757 2711 strum
777 2644 856 2711 illud
876 2644 936 2711 sibi
953 2645 1137 2713 restitueres
1158 2645 1227 2713 sine
1247 2664 1353 2712 mora:
1376 2652 1413 2712 tn
1435 2649 1621 2729 recuperata
1640 2644 1840 2729 postmodum
1862 2651 1950 2712 terra
1970 2650 2044 2727 tua,
2066 2653 2197 2716 castrum
2262 2639 2287 2688 ’Ψ

653 2746 829 2832 predictam
850 2753 960 2814 eontra
979 2747 1141 2832 proprium
1163 2749 1376 2815 iuramentum
1397 2742 1541 2816 detinens
1562 2747 1604 2814 ad
1626 2753 1659 2814 te
1679 2746 1794 2814 asseris
1815 2749 1989 2832 pertinere,
2010 2766 2048 2816 ae
2068 2747 2102 2815 iu
2122 2750 2197 2833 peri·
2237 2838 2238 2841 Ἴ

654 2849 760 2919 aulum
779 2849 885 2916 anime
905 2853 959 2915 tue
979 2848 1110 2917 reddere
1131 2850 1336 2931 contradicis,
1373 2851 1525 2935 quasdam
1547 2851 1645 2917 etiam
1666 2867 1718 2917 res
1739 2848 1915 2918 immobiles
1938 2851 2132 2934 pertinentes
2154 2853 2198 2923 'ad
2256 2851 2276 2936 J

653 2957 795 3021 aarum
816 2950 970 3019 alienasse
990 2951 1104 3019 dieeris
1132 2951 1166 3019 iu
1187 2952 1287 3036 ipsius
1307 2953 1396 3021 dueis
1417 2952 1623 3037 preiudieium
1644 2958 1679 3020 et
1696 2971 1882 3038 gravamenz
1920 2954 2011 3022 cadus
2041 2952 2198 3022 alienatio·
2262 2953 2285 3049 '2-

654 3055 705 3122 nia
727 3059 934 3137 eontraetum,
956 3055 1142 3123 venerabilis
1162 3054 1262 3123 nater
1282 3054 1595 3123 nosteaneznensis
1606 3055 1858 3141 archiepiscopus
1880 3061 1991 3123 corma
2012 3056 2111 3140 ipsius
2132 3075 2198 3141 pro·
2239 3107 2241 3112 -
2274 3074 2279 3081 ·

651 3157 836 3228 bibitionem
850 3159 953 3225 miuus
966 3159 1053 3227 lieite
1066 3159 1220 3227 asseritur
1232 3159 1442 3228 oonfirmasse.
1465 3159 1546 3240 Quia
1567 3177 1640 3225 vero
1654 3159 1688 3225 in
1701 3158 1791 3225 nullo
1804 3158 1864 3227 tibi
1877 3166 2079 3242 aemesoeret,
2104 3161 2197 3227 immo

655 3261 825 3347 plurimum
846 3260 1020 3346 deperiret,
1041 3261 1069 3328 si
1090 3267 1238 3346 pretextu
1259 3261 1392 3330 alieuius
1413 3261 1535 3329 mmodi
1557 3260 1741 3346 temporalis
1761 3261 1866 3330 anime
1888 3267 1943 3329 tue
1963 3262 2131 3330 incurreris
2151 3263 2199 3330 de

655 3362 854 3444 bimaritum,
888 3362 1086 3431 nobilitatem
1118 3370 1207 3431 tuam
1238 3382 1402 3432 moranus
1432 3370 1467 3431 et
1494 3363 1699 3432 exhortamur
1730 3368 1854 3433 attente
1874 3383 1933 3450 per
1953 3365 2128 3450 apostoliea
2146 3363 2199 3431 tili
2273 3376 2281 3387 ·

654 3467 774 3553 seripta
793 3473 970 3550 monentes,
998 3473 1170 3553 quatenns,
1199 3486 1240 3536 ne
1261 3467 1346 3536 idem
1366 3467 1431 3535 dux
1459 3467 1533 3535 inde
1553 3468 1695 3535 insonat
1726 3466 1958 3535 incommodum
1978 3467 2062 3535 unde
2081 3467 2201 3535 ridetur

654 3569 810 3656 premium
831 3570 997 3652 membre,
1032 3571 1192 3662 prefatum
1220 3575 1361 3638 manum
1386 3588 1458 3638 eom
1478 3568 1624 3638 omuibus
1652 3567 1854 3654 pertinentiis
1880 3569 1947 3637 suis
1968 3570 2030 3637 sibi
2045 3571 2199 3648 restitans,

655 3678 694 3742 at
714 3672 842 3741 teneris
877 3671 1042 3758 Alioquin,
1072 3673 1149 3758 quia
1170 3674 1203 3739 in
1224 3673 1294 3741 iure
1314 3691 1372 3740 suo
1391 3671 1492 3740 eidem
1513 3670 1587 3739 duoi
1605 3669 1715 3738 deesse
1733 3688 1799 3739 nou
1819 3688 1987 3756 possumus
2008 3673 2092 3741 sicut
2109 3672 2200 3740 etism
2258 3682 2284 3717 -’

653 3792 713 3844 uae
734 3772 894 3856 daminus,
915 3773 1039 3842 dileetio
1060 3774 1135 3842 filiis
1155 3775 1322 3843 scolastico
1344 3772 1597 3841 wratislaviensi
1618 3778 1653 3839 at
1673 3771 1936 3843 ..archidiacono
1950 3781 1986 3843 et
1998 3774 2092 3843 Slaro
2114 3791 2200 3843 eane
2272 3783 2276 3789 ·

655 3878 727 3947 nieo
745 3875 1004 3946 (lraeovieusibus
1024 3875 1136 3944 mmor
1166 3879 1286 3945 nostris
1307 3877 1424 3945 litteris
1456 3876 1489 3943 in
1511 3875 1686 3957 mandatis,
1721 3881 1760 3942 at
1780 3882 1815 3944 ta
1844 3876 1888 3944 ad
1909 3876 1943 3944 id
1964 3896 2022 3963 per
2042 3894 2200 3946 masuram
2264 3865 2276 3925 -.‘

657 3979 910 4062 ecelesiastieam,
930 3979 1142 4064 appellatione
1152 3987 1284 4062 remota,
1303 3980 1429 4047 iustitia
1442 3977 1601 4046 mediante
1614 3976 1815 4063 eompallant
1835 3977 1956 4046 Datum
1970 3978 2119 4048 Latenoi
2128 3975 2202 4046 vm
2262 4012 2287 4071 t:

655 4081 816 4152 Kalendas
836 4082 955 4165 Martii,
974 4082 1178 4168 pontifieatns
1198 4084 1301 4152 nostri
1322 4102 1406 4152 anuo
1427 4081 1539 4167 primo.
1886 4086 1887 4089 ’

760 4285 856 4370 calb,
877 4291 989 4355 Kolias.

1342 4483 1417 4568 Νι.
1449 4478 1519 4568 94.

759 4677 943 4763 lionorins
969 4680 1033 4784 Pp.
1060 4679 1125 4763 111
1150 4643 1272 4762 1217
1299 4680 1401 4764 l'obr.
1428 4678 1908 4781 senseresensere
1928 4697 2073 4780 manoe,
2096 4703 2134 4765 aa
2150 4695 2202 4761 ou·
2265 4688 2275 4704 ‘

657 4817 725 4870 oem
746 4799 786 4868 de
807 4799 914 4868 Kalisz
935 4801 976 4869 ad
998 4801 1228 4868 restituendum
1250 4807 1390 4870 mstrnnr
1413 4800 1452 4868 de
1473 4799 1583 4867 Kalisz
1596 4798 1733 4866 Hemioo
1754 4798 1828 4868 daei
1849 4797 1982 4869 silesiae
2010 4800 2201 4886 compellam
2269 4806 2276 4853 f

764 4907 900 4987 Μαι,
925 4907 1119 4969 Mopsouestia
1137 4908 1241 4971 tiator.
1265 4909 1409 4970 poloniae
1434 4908 1461 4986 1,
1484 4907 1516 4987 7,

760 5107 920 5176 Honorius
938 5109 1102 5194 episeopus
1125 5115 1222 5191 (ate),
1244 5109 1370 5178 dilectis
1392 5109 1464 5176 liliis
1488 5161 1517 5176 ..
1537 5108 1703 5178 scolastico
1724 5108 1978 5178 wratislaviensi
2001 5117 2035 5178 et
2056 5161 2086 5178 ..
2107 5104 2203 5177 arehi-
2271 5104 2275 5113 '

590 5233 592 5237 ·
657 5210 789 5279 diaeono
811 5216 844 5278 et
865 5209 959 5279 Slaro
980 5211 1130 5280 eononieo
1153 5210 1413 5280 Craooviensibus
1439 5211 1573 5280 salutem
1596 5219 1690 5290 (ete).
1734 5211 1891 5298 Exposita
1910 5213 2002 5280 uobis
2023 5213 2130 5281 dilecti
2152 5205 2203 5276 lilii

658 5312 772 5382 nobilis
790 5313 850 5381 riri
872 5312 914 5381 Η.
936 5314 1025 5382 (lucia
1044 5315 1165 5383 Zolesie
1187 5317 1370 5400 eoaquostio
1389 5313 1554 5399 pateledt,
1592 5313 1677 5398 quod
1706 5333 1778 5384 eum
1799 5314 1918 5382 dadum
1951 5315 2087 5382 nobilem
2108 5314 2203 5380 virum

660 5414 711 5484 w.
733 5414 844 5484 (laeam
865 5415 904 5484 do
926 5415 1051 5501 Chalia,
1073 5416 1115 5484 ab
1136 5417 1311 5485 lreroditate
1332 5437 1392 5486 sna
1412 5417 1528 5485 iniuste
1549 5416 1715 5503 depulsum
1735 5435 1774 5485 aa
1792 5416 1946 5485 bellorum
1968 5417 2058 5486 elale
2079 5433 2204 5502 quassi·
2265 5416 2283 5519 ,ν’
