4574 6240
663 496 713 574 88

663 698 794 775 ιιιιιιιι,
830 702 864 767 ιι
884 717 905 766 a
925 696 1012 765 nullo
1034 696 1185 764 nobilium
1203 715 1344 765 meomm
1363 702 1528 765 serventur
1544 694 1605 763 snb
1626 713 1708 780 pena
1729 698 1881 780 perpetue
1901 691 2041 776 iniamie,
2073 705 2107 768 ιι
2127 706 2195 783 ιω..

664 803 798 872 iurando
819 820 915 886 super
935 799 994 869 boc
1015 800 1150 885 prestito
1172 800 1237 869 ita:
1273 801 1357 886 qnod
1380 801 1408 867 si
1430 801 1502 884 quis
1523 805 1574 866 ter
1594 798 1786 866 ammonitus
1806 815 1871 864 non
1892 796 2069 882 resipuerit,
2102 792 2197 886 nabin.

664 911 732 974 tate
745 912 780 973 et
792 903 1019 982 hereditatibus
1041 909 1150 971 careat
1163 903 1284 972 directo
1306 905 1348 973 ad
1369 923 1420 972 me
1441 902 1634 969 diuolvcndis
1655 909 1691 971 et
1710 919 1775 968 non
1796 900 1838 969 ad
1859 899 1990 968 heredes
2011 919 2128 992 corum,
2147 921 2198 991 115„

663 1006 747 1077 forte
764 1006 886 1074 malitie
907 1006 1047 1090 ipsomm
1065 1007 1216 1072 oontmrii
1238 1005 1365 1073 fuerint.
1409 1005 1482 1072 Dux
1512 1004 1610 1073 etiem
1642 1002 1799 1072 llenricus
1830 1003 1937 1070 omnia
1968 1005 2121 1086 premissa
2144 1021 2200 1092 vic„

663 1128 756 1178 verse
776 1107 872 1176 michi
893 1107 1046 1194 promisit
1068 1106 1170 1191 Super
1190 1105 1331 1191 fugitiuis
1353 1109 1450 1175 etiam
1471 1106 1648 1190 reddendis,
1669 1124 1739 1175 sese
1760 1104 1878 1173 milites
1895 1105 1998 1172 nostri
2019 1104 2200 1189 firmitcrnb.

664 1211 815 1297 ligarunt.
856 1208 991 1276 Promisi
1012 1209 1109 1276 etiam
1130 1227 1188 1292 pro
1210 1227 1302 1294 posse
1323 1229 1393 1276 meo
1416 1210 1498 1277 bona
1519 1208 1580 1276 fide
1601 1209 1699 1276 etiam
1720 1215 1888 1276 extraneos
1910 1207 2069 1291 cohibere,
2097 1232 2136 1282 ne
2155 1239 2201 1305 pe,

664 1314 744 1382 fines
765 1312 805 1381 de
826 1310 935 1380 Lubus
957 1317 1156 1380 nauscantes
1179 1330 1290 1380 nocere
1311 1312 1439 1380 adeant
1460 1312 1509 1379 uel
1531 1317 1616 1378 terre
1636 1327 1694 1378 sue
1714 1309 1902 1395 specialiter,
1921 1309 1972 1375 vel
1993 1311 2130 1382 mombis
2149 1320 2201 1391 Lu.

665 1416 779 1485 sicensi
800 1413 952 1499 quamdiu
971 1412 1013 1482 ab
1035 1414 1143 1482 eodem
1164 1413 1243 1482 duce
1264 1413 1306 1481 Η.
1329 1420 1465 1482 tenetur.
1509 1413 1560 1480 Ad
1581 1411 1679 1480 mbur
1710 1419 1818 1480 autem
1839 1415 1873 1480 ιι
1893 1412 2130 1484 incitamentum
2149 1426 2202 1493 sin.

665 1536 738 1587 cere
759 1517 904 1586 mutatis
925 1515 989 1582 dux
1010 1516 1052 1583 Η.
1074 1517 1114 1583 de
1136 1523 1240 1584 castro
1259 1535 1317 1584 suo
1338 1516 1448 1584 Lubus
1465 1535 1598 1602 persone
1618 1534 1687 1583 mee
1709 1516 1807 1596 cedit,
1828 1515 1876 1582 ita
1896 1519 2017 1588 tamen.
2039 1520 2077 1583 nt
2097 1520 2125 1585 si
2143 1524 2202 1594 finis

667 1637 755 1687 meus
769 1617 911 1686 fataliter
923 1618 1099 1702 contigerit,
1122 1619 1241 1686 dictum
1256 1617 1365 1685 Lubus
1379 1619 1481 1687 eidem
1501 1618 1573 1686 duci
1592 1616 1634 1684 Η.
1649 1618 1678 1684 si
1699 1617 1918 1701 supervixerit,
1939 1615 1989 1683 vel
2012 1614 2118 1686 heredi
2137 1627 2203 1713 eim¹

628 1767 630 1771 -
665 1739 894 1807 aquocunqne
915 1725 991 1788 tunc
1012 1719 1176 1789 detentum
1197 1720 1307 1802 sumit,
1342 1722 1412 1789 sine
1432 1719 1621 1788 difficultate
1642 1719 1803 1787 reddatur.
1841 1717 1944 1803 Super
1964 1737 2028 1803 quo
2062 1728 2203 1805 promisso

666 1842 724 1909 ego
741 1823 810 1909 ipse
831 1823 865 1890 in
886 1840 1021 1907 persona
1041 1840 1112 1890 mea
1132 1823 1252 1905 iurari,
1285 1827 1319 1889 et
1339 1823 1402 1889 mei
1423 1821 1464 1889 de
1483 1840 1553 1889 meo
1571 1839 1738 1904 consensu,
1757 1822 1791 1888 in
1811 1820 1928 1907 quibus
1949 1821 2000 1889 ael
2020 1840 2128 1892 eorum
2145 1844 2205 1899 suc.

667 1924 843 1995 suasoribus
864 1924 965 1992 maior
984 1925 1032 1991 vis
1053 1925 1123 1991 aisa
1142 1930 1193 1992 est
1213 1923 1256 1991 ad
1275 1923 1336 1994 boc
1357 1923 1482 1993 effectui
1509 1923 1762 2009 mancipandum.
1799 1924 2091 1993 Ercommunicatio
2120 1932 2205 2003 etim

666 2028 733 2098 late
752 2029 925 2111 sententie,
947 2028 987 2097 de
998 2047 1068 2096 meo
1083 2033 1117 2096 et
1131 2045 1272 2096 meorum
1294 2046 1461 2109 consensu,
1490 2033 1557 2097 tam
1578 2028 1612 2095 in
1630 2047 1682 2095 me
1702 2046 1798 2112 quam
1819 2028 1854 2095 in
1873 2045 2017 2096 rneomm
2038 2031 2205 2119 quendum

669 2131 699 2200 si
717 2130 759 2200 ab
778 2131 885 2216 aliquo
907 2149 946 2199 er
956 2129 1046 2199 nobis
1064 2135 1176 2198 contra
1193 2130 1253 2199 boc
1274 2131 1428 2216 placitum
1442 2130 1529 2198 beru
1544 2130 1593 2197 vel
1605 2129 1867 2215 impedimentum
1881 2130 1947 2199 nllo
1962 2137 2103 2214 tempore
2117 2151 2203 2221 oppa

666 2240 796 2303 neretur
816 2233 869 2302 rel
889 2237 1129 2318 procuraretur,
1151 2233 1250 2301 missa
1270 2238 1321 2301 est
1342 2252 1363 2301 a
1383 2233 1419 2301 P.
1440 2232 1667 2316 romanensi,
1686 2233 1723 2300 L.
1748 2232 2003 2301 Wratinlariensi
2023 2237 2057 2300 et
2070 2233 2108 2300 1..
2122 2234 2207 2306 Lubi-

667 2336 753 2406 ceusi
774 2336 939 2421 episcopis.
962 2334 1115 2404 consemi
1132 2336 1229 2404 etiam
1246 2337 1280 2404 in
1301 2335 1520 2404 refirmatione
1539 2336 1659 2404 domini
1679 2336 1777 2421 Pepe.
1796 2341 1831 2404 ιι
1850 2336 2078 2421 archiepiscopi
2098 2343 2133 2406 ιι
2151 2343 2207 2424 epi·

667 2455 835 2525 scopomnr
857 2439 985 2509 Polonie
1017 2438 1290 2507 denunciationem
1311 2439 1487 2508 taciendam
1505 2457 1601 2524 anper
1621 2439 1732 2507 eadem
1753 2438 2085 2507 excommunicatione.
2125 2440 2210 2511 Uter·

667 2559 730 2626 que
751 2546 860 2612 autem
877 2546 1030 2623 nostrum,
1053 2540 1139 2626 qnod
1159 2541 1314 2627 pmmisit,
1336 2542 1514 2610 iuramenta
1532 2541 1679 2610 ιιιιιιιιιι

669 2852 708 2918 ὠ
728 2744 946 2917 wel,
966 2768 985 2812 ι
1006 2751 1173 2814 numera
1196 2751 1412 2814 memmae.
1442 2747 1566 2831 dmm,
1588 2725 1721 2829 nabaz,
1752 2753 1879 2815 zm
1900 2749 2004 2816 aem.
2027 2747 2210 2845 nnuman,

1359 3047 1433 3133 Nr.
1456 3044 1526 3133 96.

774 3242 958 3329 Honorius
983 3243 1048 3349 Pp.
1074 3243 1140 3328 ΠΙ
1179 3265 1208 3326 l.
1234 3264 1268 3326 a.
1296 3244 1330 3327 d.
1356 3247 1395 3327 st
1419 3243 1468 3348 l.;
1504 3260 1635 3330 mandat
1655 3259 1811 3346 episcopis
1831 3258 1992 3343 Poloniee,
2014 3265 2052 3328 ιιι
2072 3260 2214 3345 composi·

671 3365 790 3433 donem
812 3365 896 3434 inter
916 3364 1126 3434 wladislaum
1147 3382 1297 3448 magnum
1317 3363 1430 3434 ducem
1450 3363 1602 3433 Poloniae
1622 3370 1657 3432 et
1677 3363 1849 3433 Hearicum
1881 3361 1993 3432 ducem
2015 3362 2146 3432 Silesise
2163 3363 2214 3429 ini·

670 3473 749 3552 tam,
770 3486 1009 3555 percensuram
1031 3468 1214 3536 canonicam
1236 3465 1547 3554 obseruarifiisciant

779 3574 917 3654 ιιιιιιιι,
942 3575 1137 3638 Maroneam
1159 3574 1263 3638 lictor.
1287 3575 1432 3638 Ροιοιιὶαι
1455 3572 1482 3648 I,
1505 3573 1558 3636 13.

774 3775 936 3845 Honorius
955 3776 1120 3862 episcopus
1142 3775 1244 3863 (ete),
1266 3773 1497 3844 venerabilibus
1517 3773 1671 3844 debibus
1694 3774 1970 3861 ..archiepiscopo
1993 3747 2217 3844 Gneanensiet

671 3878 828 3947 universis
848 3879 1003 3964 episcopis
1034 3898 1093 3963 per
1111 3878 1276 3947 Poloniam
1298 3869 1481 3947 masticatis
1502 3880 1638 3947 salntem
1659 3878 1755 3964 (etc).
1795 3877 1914 3947 Dilecti
1931 3877 1990 3946 filii
2022 3877 2144 3946 nobiles
2164 3874 2216 3942 riri

673 3979 725 4048 W.
747 3980 813 4048 dnx
833 3981 962 4049 Polonie
981 3999 1020 4049 ec
1041 3980 1083 4048 Η.
1105 3981 1305 4050 dnx'Zelesie
1325 4001 1384 4067 per
1403 4000 1478 4049 snas
1499 3981 1590 4050 nobis
1610 3981 1736 4050 litteras
1756 3981 1983 4067 supplicamns.
2006 3987 2044 4049 ιιι
2063 3980 2148 4066 quod
2161 3978 2218 4046 lac·

670 4087 742 4150 tnm
762 4088 814 4151 est
843 4083 885 4152 ad
903 4081 992 4150 fedas
1014 4083 1192 4151 dilectionis
1213 4085 1298 4151 inter
1318 4101 1372 4152 eos
1394 4089 1546 4169 perpetuo
1569 4083 1832 4166 conservandum,
1867 4084 1978 4152 eodem
2006 4084 2087 4152 doce
2108 4080 2219 4150 Zelesie

524 4179 537 4189 “
673 4183 805 4254 cedente
836 4185 1014 4270 insignum
1036 4184 1174 4270 perfecte
1194 4185 1334 4254 amicitie
1354 4204 1393 4254 aa
1412 4191 1522 4254 mame
1543 4185 1688 4254 casatis
1717 4185 1874 4271 quoddam
1896 4192 2036 4255 castrrun
2058 4183 2142 4270 quod
2163 4181 2219 4248 bu·

673 4285 734 4355 bus
746 4286 865 4356 dicitur
877 4286 999 4372 prelato
1013 4287 1087 4356 duci
1100 4287 1230 4356 Polonie
1243 4287 1349 4372 quoad
1361 4288 1476 4355 vixerit
1489 4287 1727 4372 possidendum,
1749 4289 1797 4356 ita
1816 4288 1903 4372 qnod
1922 4295 1998 4374 post
2018 4290 2087 4357 eius
2107 4286 2220 4356 obitum

674 4388 716 4459 ad
729 4389 834 4476 ipsum
849 4395 883 4458 et
896 4389 1026 4457 heredes
1041 4408 1126 4471 snos,
1149 4391 1234 4458 omni
1247 4391 1412 4458 occasione
1425 4408 1464 4458 ac
1476 4389 1629 4458 dilatiom
1643 4392 1784 4474 rennotb,
1802 4391 1923 4458 directo
1945 4391 2056 4459 redeat
2078 4409 2149 4458 curu
2162 4384 2221 4453 suis

673 4492 874 4577 pertinentiis
894 4491 978 4560 idern
999 4497 1155 4561 castrum:
1182 4512 1239 4578 per
1259 4511 1316 4562 sos
1337 4492 1510 4562 iacemmus
1531 4512 1589 4579 per
1609 4493 1944 4562 excommunicationis
1966 4494 2156 4562 sententiam
2175 4489 2222 4556 tir·

674 4594 771 4663 miter
791 4594 962 4663 observari
996 4593 1076 4662 Gum
1098 4595 1197 4680 igitur
1217 4595 1286 4663 cirus
1306 4596 1407 4664 sicem
1424 4595 1501 4664 licet
1520 4595 1672 4664 immeriti
1692 4615 1841 4682 geramus
1861 4596 1897 4665 ιιι
1913 4598 2024 4682 terris,
2043 4599 2100 4683 qui
2120 4609 2222 4682 pacem

675 4695 822 4764 omnibus
847 4698 1007 4767 nuntiant
1028 4703 1062 4765 et
1082 4717 1154 4766 eam
1175 4697 1292 4765 mundo
1314 4698 1461 4784 reliquit,
1498 4699 1782 4785 supplicationibus
1801 4704 1978 4769 annuentes
1998 4700 2139 4785 ipsomm
2160 4694 2221 4764 oui·

675 4798 820 4868 ιιιιιιιιι
841 4807 946 4868 vene
967 4819 1024 4885 per
1041 4800 1216 4884 apostolico
1237 4802 1358 4885 scripta
1378 4802 1579 4885 mandamus,
1600 4809 1773 4886 quemnam,
1794 4803 1880 4889 quod
1901 4821 1997 4890 snper
2017 4803 2078 4873 boc
2098 4797 2223 4888 pmaido

675 4906 726 4971 ost
746 4901 972 4972 delibemtione
988 4909 1161 4986 statutum,
1197 4903 1359 4973 observari
1387 4903 1448 4972 sub
1467 4905 1644 4991 apostolica
1670 4905 1852 4976 obedientia
1872 4925 1930 4992 per
1950 4907 2083 4975 eandem
2103 4909 2224 4974 senten·

676 5003 755 5074 tiam
777 5003 911 5073 faciatis.
934 5005 977 5072 Ηι
994 5006 1035 5073 od
1057 5007 1208 5074 maiorem
1226 5006 1407 5074 huiusmodi
1427 5008 1474 5075 ιιι
1496 5008 1663 5093 cantelam,
1684 5016 1827 5077 tenorem
1842 5009 2023 5077 litteramm
2044 5008 2159 5095 prelati
2171 5004 2223 5071 du·

677 5107 723 5176 cis
744 5107 888 5186 Polonie,
910 5108 943 5174 in
964 5108 1079 5193 quibus
1099 5110 1184 5194 quod
1203 5116 1361 5179 statutum
1383 5117 1434 5179 est
1451 5111 1535 5179 inter
1555 5112 1642 5197 ipsos
1663 5112 1788 5199 plenius
1808 5112 2005 5202 continetur,
2034 5109 2226 5198 presentibus

674 5207 823 5278 'duximus
844 5210 1056 5295 inserendum
1078 5213 1134 5298 qui
1152 5218 1203 5281 est
1223 5213 1314 5282 talis:
1336 5214 1496 5300 (semum
1515 5218 1648 5297 diplm
1669 5219 1725 5282 Νι.
1755 5218 1821 5294 95.)

781 5412 899 5494 Lubus,
921 5417 1049 5500 arom,
1067 5438 1085 5482 2
1106 5422 1273 5486 meto
1294 5420 1401 5487 neom
