4574 6240
540 252 614 326 174

398 469 406 482 ·
530 454 632 539 ipsam
653 451 826 521 laceremus
848 441 944 521 robur
965 454 1105 522 debitum
1127 454 1277 523 obtinere
1321 455 1415 523 Unda
1434 474 1492 522 nos
1511 455 1599 523 vobis
1620 456 1659 523 de
1680 454 1779 540 ipsius
1800 455 2024 549 archiepiscopi
2045 482 2077 542 at
2169 532 2172 536 .

529 561 772 642 pmcuratnrum
793 557 870 624 dicti
890 557 979 625 ducis
1001 576 1131 624 assensu
1157 556 1300 625 dedimus
1325 561 1443 627 nostris
1469 559 1588 626 litteris
1607 560 1640 625 in
1661 558 1829 640 mandatis,
1858 566 1896 627 ut
1916 564 1944 627 si
1964 566 2076 646 dictam

530 660 829 728 exeomurrieatienis
850 661 1040 728 senteutiam
1059 662 1240 729 inveniretis
1262 668 1335 747 post
1349 662 1591 746 appellationem
1605 661 1646 730 ob
1660 661 1762 730 dictas
1783 680 1895 728 causas
1910 665 1958 730 vel
1973 688 2077 746 earum
2146 674 2150 680 “

529 761 663 831 alteram
684 763 726 830 ad
748 781 804 831 uos
826 763 1044 848 interpositum
1063 781 1132 830 esse
1155 763 1262 844 latam,
1285 763 1507 832 denuntiantes
1529 780 1600 832 eam
1623 765 1749 848 penitus
1768 783 1830 831 uon
1852 771 1970 849 tenere,
1992 791 2077 844 rava

531 866 648 934 amon
669 866 703 934 in
725 872 845 933 statum
866 865 1006 933 debitum
1028 865 1176 949 quicquid
1198 872 1272 949 post
1292 867 1422 933 eandem
1444 867 1687 952 appellationem
1713 874 1874 935 constaret
1896 873 2012 940 tentem
2031 887 2077 946 at.
2189 935 2191 939 .

429 1029 430 1034 ,
530 972 737 1054 temptatum:
768 968 908 1052 alioquin
935 968 1125 1067 septentiam
1152 969 1262 1052 ipsam,
1289 970 1372 1037 sicut
1397 968 1627 1039 rationabiliter
1663 971 1789 1054 prolata
1815 978 1911 1053 esset,
1938 972 2078 1051 faceretis

529 1072 721 1141 auctoritate
753 1077 864 1138 nostra
891 1063 991 1154 usque
1018 1070 1058 1137 ad
1091 1070 1337 1139 satisfactionem
1368 1071 1552 1157 condignam
1575 1072 1788 1157 appellatione
1816 1081 1941 1140 remota
1962 1077 2079 1165 integre
2117 1139 2119 1143 ,
2206 1155 2207 1158 ¹

532 1172 704 1255 observari,
727 1173 940 1259 appellantem
962 1174 995 1239 in
1017 1192 1170 1258 expensas
1192 1175 1309 1259 legales
1330 1174 1598 1259 condempnando.
1642 1176 1772 1256 Verum,
1793 1194 1864 1242 cum
1879 1177 1912 1241 iu
1927 1176 2078 1253 iamdictis

529 1274 648 1344 litteris
669 1275 787 1343 advos
807 1275 935 1343 directis
957 1274 1046 1342 nulla
1067 1276 1110 1342 sit
1131 1273 1219 1343 vobis
1241 1295 1337 1360 super
1358 1277 1524 1362 principali
1553 1277 1710 1347 attributa
1737 1278 1886 1362 cognitio,
1912 1280 1997 1347 etin
2018 1283 2079 1354 dis.

528 1376 678 1464 pendium
696 1377 886 1464 supradietis
903 1382 1048 1445 vertatur
1066 1378 1207 1445 ecelesiis
1228 1380 1312 1463 quud
1336 1398 1432 1448 causa
1461 1380 1531 1464 ipsa
1557 1386 1686 1449 maneat
1709 1380 1829 1447 diutius
1855 1381 1889 1446 in
1917 1399 2083 1466 suspenso:

512 1495 587 1548 ‘uos
608 1481 735 1565 utrique
766 1482 905 1565 partium
935 1498 1032 1566 super
1057 1479 1117 1549 boc
1146 1481 1317 1550 salubriter
1346 1481 1511 1566 providere
1537 1482 1680 1550 volentes
1708 1481 1904 1562 mandamus,
1928 1490 2079 1566 quatenus

529 1582 648 1652 eisdem
680 1582 798 1652 litteris
830 1600 893 1652 non
920 1581 1120 1651 obstantibus
1146 1583 1305 1667 sepedicta
1333 1585 1406 1652 duci
1437 1585 1478 1653 ad
1499 1585 1655 1653 mutebm
1672 1585 1881 1653 absolutionis
1899 1584 2078 1658 beneficium

529 1683 756 1771 impendentes,
778 1687 880 1754 eidem
899 1687 1040 1771 mum
1062 1686 1158 1752 trium
1177 1686 1331 1755 mensium
1353 1686 1521 1754 terminum
1548 1689 1793 1771 peremptorium
1821 1687 1994 1772 prefigatis,
2018 1708 2080 1773 quo

529 1793 604 1875 post
622 1788 827 1857 monitionem
856 1795 997 1856 nostrum
1023 1805 1082 1873 per
1098 1795 1333 1873 procuratorem
1350 1789 1557 1858 sufficientem
1579 1796 1613 1857 et
1640 1790 1787 1857 idoneum
1808 1807 1844 1857 se
1872 1796 1981 1857 nostro
2009 1810 2080 1860 oon·

528 1890 652 1976 spectui
673 1897 879 1975 representet,
901 1908 998 1976 super
1017 1891 1182 1975 principali
1201 1890 1343 1958 iacturas
1364 1897 1398 1959 et
1418 1898 1603 1978 reeepturus
1632 1892 1717 1976 quod
1742 1892 1910 1959 dictaverit
1932 1891 2008 1958 orde
2033 1895 2080 1961 iu·

529 1991 585 2060 ris.
629 1991 784 2077 Quioqmd
817 1999 923 2061 autem
946 2011 1041 2077 super
1067 1990 1128 2060 boc
1156 1992 1303 2075 feceritis,
1331 1991 1422 2061 nobis
1451 1991 1588 2062 fideliter
1615 1993 1805 2062 rescribetis.
1853 1993 1945 2074 Quod
1969 1995 1997 2060 si
2019 2014 2080 2064 non

530 2111 639 2164 omnes
656 2093 749 2180 (eta).
778 2094 898 2165 mium
911 2094 1049 2163 viterbii
1063 2093 1111 2162 111
1125 2094 1286 2163 Kalendas
1300 2094 1456 2179 Octobris,
1477 2093 1681 2181 pontificatus
1694 2097 1796 2164 nostri
1809 2114 1894 2165 auno
1909 2095 2079 2166 undasne.

637 2281 769 2365 Pobtin,
790 2283 857 2350 deii
875 2304 896 2348 a
916 2285 1083 2351 montesio
1104 2267 1277 2349 Poenae

1200 2495 1276 2582 rvr.
1310 2438 1410 2582 nos.

633 2690 849 2777 virdunus
876 2695 953 2777 iux
984 2692 1136 2777 Paionia
1170 2696 1308 2776 1237
1332 2713 1362 2774 a
1389 2693 1441 2793 d,
1467 2692 1510 2776 in
1534 2692 1702 2798 Poenam
1734 2710 1902 2780 eamme
1940 2705 2082 2782 somno

528 2831 601 2881 nem
620 2812 745 2882 insulae
763 2814 798 2880 in
817 2811 952 2882 confinio
973 2813 1081 2898 oppidi
1102 2813 1251 2898 szyvin
1269 2813 1361 2894 sitae,
1382 2830 1478 2896 quam
1499 2831 1604 2882 onmes
1626 2813 1726 2882 Vison
1745 2815 1938 2882 monasterio
1959 2814 2000 2883 de
2019 2813 2082 2883 Lu·

520 2913 585 2992 .bin
606 2914 793 2998 contulerat,
813 2915 908 2983 simul
929 2921 964 2984 et
981 2916 1211 3000 pmsessionem
1232 2913 1418 2984 hereditatis
1437 2912 1593 2999 Oicbovo,
1614 2914 1716 2985 eidem
1729 2917 1922 2987 monmterin
1936 2936 1957 2986 a
1971 2919 2084 2987 comite

527 3015 663 3103 Iosepbo
684 3017 788 3087 datae
1730 3057 1735 3067 ·
1800 3081 1805 3092 .

632 3106 2084 3210 mmmmmwmmm

526 3225 729 3304 wimod·
756 3235 903 3304 misem
919 3235 983 3299 xo.

631 3326 769 3394 mam.
801 3327 1305 3408 emmerammenses
1334 3324 1518 3409 aemam
1541 3329 1610 3392 me
1629 3331 1749 3408 epea
1772 3331 1881 3393 uaso.
1905 3332 2008 3394 Pam
2028 3330 2080 3395 is.

630 3496 670 3564 In
690 3497 820 3566 nomine
839 3497 967 3565 Domini
989 3515 1091 3564 emen.
1135 3497 1289 3578 Quoniam
1310 3496 1352 3564 ab
1373 3496 1510 3564 bumana
1531 3495 1654 3564 facilius
1679 3495 1830 3564 labuntur
1850 3499 2084 3581 memoriaque

529 3618 593 3669 nee
615 3601 734 3686 scripto
757 3620 814 3669 nec
836 3618 912 3668 rooe
932 3598 1115 3667 idoneorum
1138 3601 1267 3669 testium
1289 3600 1535 3686 pammantar,
1555 3596 1627 3666 ideo
1648 3614 1706 3665 nos
1728 3598 1910 3668 Vledialaus
1932 3599 1993 3666 Dei
2014 3597 2104 3684 grai

530 3702 580 3771 oia
597 3701 662 3769 dux
679 3702 809 3770 Polonie
830 3700 915 3769 filius
943 3701 1033 3770 ducis
1060 3703 1179 3771 Οᾰοιιίε
1206 3707 1317 3771 notum
1342 3701 1474 3771 iacimus
1500 3699 1655 3768 universis
1684 3702 1882 3785 presentibus
1911 3706 1945 3770 at
1969 3701 2084 3768 intutis

528 3820 658 3887 precem
690 3802 844 3889 seriptum
877 3803 1074 3888 inspecturis,
1108 3805 1192 3888 quod
1218 3821 1322 3872 eomes
1345 3803 1445 3870 Visun
1466 3802 1626 3886 quondam
1654 3801 1739 3871 iilius
1770 3802 1916 3871 Niebolai
1942 3803 1983 3873 de
2003 3800 2086 3871 Ruia

531 3904 682 3988 Ecclesia,
704 3905 745 3974 ob
767 3906 977 3974 reverenciam
991 3904 1083 3974 beate
1103 3907 1233 3990 virginis
1255 3907 1355 3974 liaris
1376 3906 1411 3972 iu
1431 3905 1708 3989 remissionemque
1732 3911 1932 3991 peccatorum
1957 3924 2084 3974 snorum

530 4007 666 4076 contulit
686 4008 818 4076 ecclesie
839 4007 1039 4076 Lubiniensis
1057 4010 1241 4077 monasterii
1264 4009 1401 4077 insiliam
1429 4027 1491 4092 que
1515 4008 1665 4076 adiuncta
1691 4013 1742 4076 est
1769 4008 1863 4076 metis
1892 4008 2084 4078 crivinensis

530 4109 677 4192 civitella
703 4111 737 4178 in
759 4110 912 4179 descensu
937 4112 1043 4196 ponus
1070 4112 1237 4179 maiorica
1257 4112 1377 4178 deruis
1398 4117 1433 4179 et
1453 4129 1474 4178 a
1493 4110 1630 4177 sinistris
1658 4109 1865 4192 adiaeenoem,
1891 4129 1963 4177 oum
1985 4111 2084 4178 omni-

529 4210 589 4279 bus
610 4211 803 4281 utilitatibus
824 4213 865 4279 ad
884 4233 954 4282 eam
973 4214 1201 4299 spectantibus.
1246 4213 1475 4281 confirmamus
1493 4213 1591 4280 etiam
1609 4211 1767 4296 quandam
1796 4211 2084 4297 hereditatemque

528 4313 702 4398 vulgariter
722 4314 869 4400 Cycbovo
891 4323 1101 4400 nuncupatur,
1122 4335 1185 4401 que
1205 4336 1227 4384 a
1247 4316 1362 4384 comite
1384 4314 1497 4399 losepb
1519 4313 1679 4399 quondam
1704 4313 1769 4380 filio
1788 4313 1937 4381 Dobeslai
1963 4320 1997 4381 et
2018 4314 2085 4380 dus

530 4416 675 4484 omnibus
697 4418 935 4501 consanguineis
956 4436 1054 4501 snpra
1074 4419 1236 4485 nominato
1258 4418 1449 4485 monasterio
1470 4417 1503 4483 in
1532 4416 1734 4484 elemosinam
1760 4422 1794 4482 et
1822 4415 1995 4484 remedium
2016 4417 2084 4483 ani·

528 4537 652 4586 marum
673 4537 803 4587 suarum
824 4520 893 4587 iure
914 4518 1106 4586 hereditario
1128 4526 1178 4586 est
1199 4520 1323 4587 donata
1353 4519 1392 4586 ln
1406 4519 1495 4587 cuius
1517 4519 1563 4585 rei
1586 4517 1812 4598 testimonium,
1835 4537 1875 4586 ne
1889 4518 2006 4602 aliquis
2020 4525 2084 4584 tam

528 4619 682 4706 solempni
710 4621 874 4689 donationi
904 4622 1061 4705 simulque
1092 4628 1200 4690 nostre
1225 4620 1454 4689 confirmationi
1479 4639 1560 4688 ausu
1585 4619 1755 4687 temerario
1784 4619 1889 4688 valeat
1917 4620 2083 4698 conbaire,

529 4727 707 4808 presentem
729 4725 877 4808 paginam
896 4723 992 4808 sigilli
1014 4724 1116 4790 nostri
1134 4725 1307 4791 munimine
1329 4724 1475 4790 duximus
1496 4720 1714 4790 roborandam.
1758 4721 1877 4789 Datum
1902 4723 1936 4788 in
1957 4721 2085 4789 Poznan

530 4843 637 4894 eoram
658 4824 828 4893 venerabili
851 4832 941 4911 patre
963 4831 1073 4893 nostro
1094 4825 1221 4893 domino
1242 4827 1341 4894 Paulo
1363 4827 1519 4910 episeopo,
1541 4823 1656 4892 comite
1677 4823 1824 4891 anisio
1844 4825 1997 4909 palatirm
2027 4823 2084 4891 (le-

533 4927 645 4995 oerado
666 4926 837 4995 castellano
860 4926 1047 5009 Gneznensi‚
1066 4929 1181 4995 comite
1194 4928 1290 4996 Petro
1309 4928 1375 4995 filio
1389 4924 1547 5007 Dothlebi‚
1568 4945 1652 4993 anno
1668 4926 1795 4994 Domini
1809 4924 2085 4995 mcdxxxvn.

634 5062 717 5129 Rufa
738 5062 889 5143 Ecelesia
916 5064 1050 5142 dovoridj
1075 5069 1235 5144 (iteranay
1255 5064 1379 5144 vorator,
1410 5065 1477 5127 deii
1503 5067 1663 5128 Oservemm
1690 5063 1769 5127 niet
1813 5061 2024 5136 Lubiniensis,
2047 5067 2084 5126 de
2196 5032 2201 5041 ”

434 5141 436 5146 ’
537 5167 642 5233 aaa.
688 5162 880 5234 cannara
898 5165 1020 5248 eata,
1042 5170 1195 5248 Karpeia,
1219 5164 1376 5249 cyeuovo,
1402 5168 1543 5232 moso.
