4574 6240
1971 296 2042 370 ιιι
2156 278 2163 292 “

474 579 479 587 ,
503 503 653 588 mgimur,
679 501 734 568 ubi
763 506 999 585 persecutorum
1025 500 1204 568 imnmnitos
1231 499 1438 584 periculosius
1463 497 1648 567 exardescit
1679 497 1768 567 Sicut
1795 495 1879 565 enirn
1901 496 1991 566 nobis
2013 515 2052 565 ex

503 610 594 693 parte
611 609 717 671 vestm
736 603 843 687 murm
861 610 910 670 est
931 601 1037 670 oblatu
1057 600 1195 687 querele,
1218 603 1359 670 nonnulli
1382 601 1546 688 'principes
1574 620 1611 670 ee
1632 600 1763 684 nobiles,
1791 602 1953 672 musione
1974 603 2053 672 iuris

503 713 699 796 patronatus,
721 706 883 774 advocatie
904 725 961 774 seu
981 707 1123 775 custodie
1144 725 1239 791 quarn
1254 708 1286 774 in
1300 708 1510 788 monasteriis,
1529 704 1678 789 mugio,
1693 703 1830 773 cellariis
1844 706 1895 774 vel
1908 705 2054 775 dumibus

503 812 618 881 vestre
635 828 672 878 se
692 809 808 878 bebere
830 816 1019 894 proponunt,
1040 828 1079 877 ue
1099 809 1257 876 interdum
1278 810 1374 877 etiem
1396 826 1454 894 pru
1475 826 1531 876 sue
1552 806 1642 876 libito
1663 806 1850 876 voluntatis:
1874 809 2053 892 etquidem

504 911 704 985 masuram
724 912 840 996 preleti
860 932 882 980 a
903 910 1015 996 quibus
1036 911 1194 979 deberetis
1215 930 1278 979 non
1295 930 1465 995 gmramen
1492 912 1548 979 sed
1576 911 1716 978 solamen
1743 911 1849 995 potius
1875 917 2068 996 expectere.

503 1014 641 1092 bladum,
662 1015 780 1097 uinum,
801 1013 986 1096 evectiones,
1005 1013 1154 1081 emmulie
1175 1021 1209 1082 et
1229 1033 1279 1081 res
1300 1014 1380 1081 elius
1401 1033 1460 1100 pro
1481 1013 1678 1082 addudere
1693 1032 1732 1082 uc
1746 1012 1920 1081 munitione
1934 1019 2054 1081 castro·

503 1137 584 1202 rum,
605 1117 762 1201 villarum,
789 1135 847 1186 nec
869 1135 932 1183 non
959 1135 1017 1201 pro
1044 1116 1207 1197 tirociniis,
1237 1116 1473 1197 torneamentis,
1503 1115 1757 1201 expedicionibus
1782 1120 1817 1184 et
1843 1115 1917 1185 aliis
1944 1115 2055 1185 usibus

503 1220 682 1293 eemmdem
708 1239 729 1287 a
754 1218 843 1288 robis
864 1218 995 1302 emgumt
1014 1224 1049 1286 et
1069 1224 1268 1304 extorquent,
1297 1218 1377 1286 elius
1402 1236 1459 1285 vos
1482 1219 1581 1286 talliis
1601 1226 1637 1287 et
1660 1218 1878 1287 exsedonibus
1906 1217 2056 1287 indebitis

503 1321 721 1408 multiplieiter
739 1319 947 1406 aggmramo.
990 1320 1141 1390 Preteree
1172 1320 1301 1406 qudem
1333 1339 1372 1387 ex
1405 1319 1483 1404 ipsis
1505 1327 1539 1389 et
1568 1321 1639 1404 alii,
1666 1339 1778 1391 earnm
1803 1321 1998 1390 commedere
2019 1322 2054 1389 in

503 1426 617 1495 seruis
637 1424 782 1493 domibus
802 1443 842 1493 ec
862 1419 1009 1491 mdiu&
1030 1424 1127 1492 etiam
1149 1423 1274 1492 easdem
1294 1422 1404 1489 demes
1424 1422 1547 1505 ingredi
1568 1429 1679 1491 contre
1705 1424 1854 1491 instituta
1874 1425 1974 1492 uestri
1992 1422 2056 1492 Or·

503 1527 850 1609 moraremur,
871 1528 1106 1611 propterquod
1131 1526 1274 1611 etquics
1302 1522 1470 1592 menestiei
1499 1521 1627 1593 Ordinis
1655 1525 1871 1611 perturbetur,
1899 1531 1933 1595 et
1959 1545 2055 1612 graue

504 1630 676 1702 commissis
697 1629 786 1697 robis
803 1629 1003 1696 monmteriis
1025 1629 1168 1696 imminet
1180 1627 1419 1695 detrimentum:
1442 1644 1542 1709 quare
1561 1627 1652 1695 nobis
1666 1626 1828 1696 humiliter
1841 1628 2053 1715 supplicastis,

503 1739 541 1802 ut
561 1751 655 1818 super
676 1731 737 1800 biis
758 1736 894 1817 paterna
913 1731 1076 1815 prouidere
1099 1729 1310 1799 sollicitudine
1335 1729 1547 1814 ἀίεηιιιωιιτ.
1591 1730 1658 1799 Nes
1684 1733 1782 1816 igitur
1802 1737 1837 1800 et
1856 1739 1961 1801 vestre
1981 1752 2054 1818 pro-

503 1835 609 1904 sidem
630 1835 730 1919 quieti
743 1840 778 1903 et
791 1834 1028 1903 molestantium
1041 1833 1176 1903 mabdis
1190 1833 1317 1902 obvbre
1338 1833 1479 1902 uolentes
1498 1833 1691 1902 auemritats
1714 1835 1908 1918 presentium
1929 1835 2055 1905 deuio

504 1939 569 2007 tius
586 1935 773 2020 inhibemus,
792 1955 833 2005 ne
853 1937 926 2022 quis
947 1955 967 2005 a
980 1936 1070 2004 nobis
1085 1936 1239 2021 premisse
1252 1936 1376 2020 exigere
1389 1935 1440 2004 vel
1453 1942 1650 2022 extorquere,
1665 1941 1724 2003 aut
1737 1935 1770 2004 in
1784 1936 1899 2004 uestris
1911 1936 2055 2006 domibus

504 2041 553 2109 uti
574 2040 730 2123 carnibus,
752 2059 809 2108 seu
827 2040 941 2108 mulier
960 2040 1068 2125 aliqua
1089 2046 1143 2107 eas
1164 2039 1283 2107 intrare
1301 2045 1465 2122 presumat
1494 2043 1604 2108 cenna
1624 2037 1725 2121 ipsius
1746 2037 1874 2106 Ordinis
1895 2037 2053 2109 munita

504 2141 594 2210 Nulli
614 2160 689 2227 erpo
707 2142 835 2210 omnirm
862 2142 1023 2210 bominum
1049 2141 1143 2209 liceat
1171 2142 1251 2209 bane
1279 2141 1427 2226 paginam
1453 2146 1561 2208 ncstm
1586 2139 1783 2208 inhibitionis
1808 2139 1977 2225 intringere
2004 2143 2055 2210 rel

505 2245 634 2315 cieuso
654 2244 822 2312 temerarie
842 2243 1008 2312 contraire.
1053 2242 1159 2329 Siquis
1180 2248 1287 2311 autem
1309 2243 1369 2312 boc
1389 2248 1582 2328 attemptare
1602 2244 1840 2328 presumpserit,
1867 2243 2055 2329 indignabe-

504 2365 577 2416 nem
594 2347 818 2432 omnipoteutis
839 2347 900 2415 Dei
921 2353 955 2415 et
972 2347 1136 2415 beatorum
1155 2346 1242 2416 Petri
1264 2353 1298 2413 et
1319 2347 1411 2414 Pauli
1429 2345 1645 2431 apestolorum
1666 2346 1735 2413 eius
1756 2363 1791 2413 se
1809 2347 1934 2415 nerent
1951 2346 2056 2416 incur·

505 2466 623 2518 surum
667 2444 786 2520 Datum
807 2449 957 2518 teman
977 2448 1043 2518 1111
1063 2449 1171 2519 Nonus
1189 2447 1277 2530 Maii,
1299 2447 1503 2533 pontificatus
1524 2446 1625 2515 nostri
1643 2466 1726 2516 suno
1748 2453 1869 2516 octauo.

1176 2741 1249 2830 Νι.
1283 2741 1381 2831 163ι

608 2939 804 3043 semum
830 2938 894 3043 ep.
919 2939 978 3024 rx
1004 2942 1136 3022 1234
1161 2939 1249 3023 me
1275 2943 1320 3038 e,
1345 2940 1537 3040 meram
1566 2907 1710 3026 alent
1736 2958 1904 3027 annum
1926 2957 2055 3027 ceum

507 3058 734 3143 obtercieusis,
763 3066 802 3129 ut
828 3055 998 3127 monachos
1023 3067 1056 3126 et
1083 3077 1248 3128 conversos
1275 3076 1358 3140 suos,
1379 3057 1420 3126 eb
1441 3059 1762 3128 excommunicatione
1786 3079 1881 3146 quam
1902 3061 2080 3145 iniciemus

506 3180 617 3231 manus
634 3162 788 3262 molentes
809 3163 843 3229 in
861 3162 993 3230 invicem
1013 3162 1188 3242 incurrunt,
1210 3160 1366 3246 prioribus
1389 3160 1608 3230 convenbmm
1629 3161 1810 3231 metuendi
1831 3161 1958 3232 meant
1972 3181 2056 3232 com·

507 3263 634 3332 mittere
655 3262 847 3332 bedleem.

608 3370 747 3448 Percurre
770 3372 888 3448 oppia
911 3368 959 3430 Nu
980 3369 1264 3446 mdccbjcdmubn.
1286 3366 1354 3431 ioli.
1377 3372 1389 3430 i
1409 3386 1553 3434 emon
1571 3374 1801 3450 praemone
1821 3372 1916 3434 dudo:
1935 3366 2056 3453 Grego-

507 3469 574 3536 fim
595 3467 749 3636 Ρὲουιιξὶ·
766 3574 883 3651 susat
907 3573 1011 3634 Siccis
1033 3573 1123 3636 Arcln
1148 3573 1266 3649 Alpem
1293 3572 1392 3637 debit
1406 3574 1437 3637 3.

609 3775 781 3861 Gregorius
803 3776 966 3859 episcopus
986 3794 1093 3843 servus
1116 3792 1276 3842 seruorum
1304 3775 1373 3856 Dei,
1408 3775 1531 3842 dilectis
1563 3775 1638 3843 liliis
1664 3775 1772 3845 ebbsti
1799 3776 1999 3845 cisterciensi
2024 3784 2059 3846 et

506 3878 660 3947 universis
681 3876 884 3946 coabbatibus
907 3879 972 3945 suis
995 3877 1210 3945 cisterciensis
1233 3875 1359 3944 Ordinis
1377 3877 1512 3945 salutem
1527 3884 1561 3945 et
1573 3878 1780 3962 apostolieum
1797 3879 2053 3949 benedictionem.

508 3979 588 4049 Ounr
608 3980 777 4048 monachos
799 3988 833 4047 et
853 3997 1018 4048 conversos
1041 3981 1301 4049 monasteriorum
1322 3985 1500 4047 vesnorum
1528 3981 1569 4049 ab
1598 3983 1933 4065 excommunicatione,
1962 4001 2058 4067 quam
2087 4034 2088 4038 ,

507 4083 661 4152 iniciendo
682 4101 795 4151 manus
816 4081 970 4149 violentas
991 4082 1024 4148 in
1044 4083 1175 4150 inuicem
1191 4084 1223 4148 in
1238 4100 1272 4148 sc
1286 4083 1371 4166 ipses
1392 4081 1573 4166 frequenter
1594 4085 1769 4165 inerserunt,
1782 4104 1820 4152 ex
1833 4083 1937 4153 efficio
1951 4091 2057 4154 vestm

507 4184 668 4254 ebsetmre
688 4185 831 4266 veleeds,
853 4186 1043 4253 auctoritate
1064 4185 1152 4251 vobis
1174 4187 1367 4270 presentium
1388 4185 1597 4270 indulgemus,
1620 4194 1658 4254 ut
1678 4186 1859 4255 absoluendi
1880 4206 1935 4255 eos
1947 4187 1989 4256 ab
2002 4207 2057 4257 ex·

507 4288 787 4356 communicatione
808 4287 986 4354 huiusmodi
1007 4287 1163 4371 prioribus
1185 4287 1309 4366 vestris,
1332 4306 1403 4354 eum
1423 4304 1478 4354 vos
1493 4289 1602 4356 abesse
1616 4291 1816 4373 contingerit,
1830 4291 1959 4375 possitis
1973 4309 2058 4360 eom·

507 4391 619 4459 mitere
639 4391 722 4459 uices
740 4398 870 4458 vestras.
915 4389 1002 4457 Nulli
1024 4409 1097 4474 ergo
1128 4391 1254 4458 omnine
1279 4390 1440 4459 bominum
1469 4392 1565 4460 beent
1585 4392 1666 4459 benc
1689 4393 1834 4476 mnam
1855 4398 1964 4460 nosne
1983 4411 2058 4461 ceu·

508 4493 657 4562 cedem
678 4491 847 4578 infringere
867 4495 915 4562 uel
937 4494 966 4560 ei
987 4512 1066 4560 ausu
1089 4494 1255 4561 temerario
1278 4494 1443 4562 contraire.
1489 4493 1524 4561 Si
1546 4495 1618 4579 quis
1648 4503 1755 4561 eutem
1781 4495 1840 4562 buc
1866 4501 2059 4580 attemptare

507 4597 746 4681 presumpserit,
776 4597 1023 4681 indignationem
1051 4596 1276 4680 omnipotentis
1309 4596 1368 4662 llei
1386 4602 1419 4662 et
1438 4595 1604 4665 beaterum
1624 4596 1712 4663 Petri
1734 4605 1768 4664 et
1784 4597 1874 4664 Pauli
1899 4598 2058 4683 apostolu-

507 4717 578 4767 mm
599 4698 667 4766 eius
688 4716 723 4767 se
743 4700 867 4767 nerent
887 4700 1096 4767 incursurum.
1130 4699 1248 4767 Datum
1270 4697 1419 4766 naemu
1437 4698 1470 4766 11
1493 4698 1601 4767 Nonas
1623 4699 1711 4779 lduii,
1733 4699 1936 4783 pontificatus
1956 4701 2058 4768 nestri

509 4818 591 4869 nuno
612 4806 732 4869 eumve.
1705 4821 1709 4827 ·
