4574 6240
1802 294 1878 381 ill

323 522 372 592 die
392 503 479 578 beati
500 499 618 571 Allcxii
641 507 838 577 contessoris.
882 502 932 574 llt
951 507 1061 571 autam
1089 499 1148 568 bec
1171 502 1312 570 vendicio
1334 506 1369 571 et
1389 503 1510 588 empcio
1539 510 1691 589 perpetue
1717 502 1880 572 firmitatis

10 630 23 647 -
152 702 156 713 Ι
325 620 418 696 robur
437 604 594 688 obtinent,
616 627 747 694 presens
760 612 916 697 seriptum
930 605 1106 690 sigillorum
1120 610 1298 673 nostrorum
1312 606 1484 674 munimine
1498 606 1644 674 duximus
1658 606 1878 675 roborandum.

423 823 614 910 Grodniee,
642 835 802 900 censeo.
847 830 1001 912 Seregen
1023 838 1167 906 mem
1187 831 1305 908 noete,
1328 834 1410 895 mse
1428 850 1504 895 zone
1526 829 1677 916 strages,
1698 829 1880 912 epesi*

324 954 394 1021 lou,
416 933 466 998 bob
488 927 536 993 iti
559 933 739 1015 Strzepm.
784 931 989 1012 Lubuoeusis,
1011 933 1050 994 de
1070 927 1200 994 Lenos.

997 1342 1072 1428 Nr.
1105 1338 1205 1428 255.

422 1553 583 1640 Promisi
610 1557 690 1641 iux
715 1558 867 1645 Polonic
895 1564 1036 1643 1246
1063 1579 1092 1641 s.
1119 1555 1169 1655 d,
1203 1557 1247 1640 in
1273 1558 1465 1663 bpatbow3
1491 1578 1653 1647 mutiet
1673 1578 1781 1645 mun
1801 1576 1880 1645 sen·

323 1686 408 1753 trono
440 1673 594 1792 ecclcsiae
625 1676 807 1748 Gnernensi
833 1686 954 1768 'contre
985 1678 1171 1763 petitionem
1202 1677 1340 1745 militnm
1370 1678 1475 1748 lanelr
1507 1686 1542 1749 et
1570 1681 1709 1762 Pribiua,
1740 1679 1879 1748 liliorum

324 1777 568 1946 monogam
613 1887 734 1951 Araba.
762 1889 897 1969 capituli
918 1886 1081 1964 Metropot.
1124 1883 1185 1946 lib.
1200 1887 1302 1964 privil
1326 1886 1395 1949 XV
1409 1902 1470 1951 sec.
1487 1889 1544 1964 sol.
1566 1888 1617 1949 00.

418 2099 487 2169 Nos
508 2098 644 2171 Pmmisi
666 2104 728 2175 Dei
749 2107 859 2193 gracia
879 2105 946 2172 dux
968 2099 1100 2170 Polouie
1119 2105 1231 2169 nouum
1252 2101 1385 2171 iacimm
1403 2103 1558 2172 universis
1571 2101 1771 2189 presentibus
1784 2108 1819 2171 et
1832 2101 1882 2171 iu·

322 2207 407 2287 turis,
428 2203 514 2288 quod
535 2221 609 2273 cum
629 2207 707 2279 olim
738 2211 782 2278 ad
806 2208 997 2294 peticionem
1026 2202 1213 2271 venerabilis
1234 2206 1337 2289 patris
1357 2205 1477 2273 domini
1494 2205 1607 2286 nostri,
1635 2206 1745 2273 eedem
1773 2206 1881 2290 made

320 2304 542 2390 srcbiepiscopi
562 2306 761 2379 Gneznensis
796 2310 937 2390 ecclesie,
971 2305 1014 2375 ad
1040 2305 1147 2373 sillam
1174 2307 1313 2375 eiusdem
1342 2308 1472 2376 ecclesie
1500 2327 1562 2394 quc
1588 2306 1743 2392 Opathow
1763 2307 1883 2376 dicitur

319 2406 593 2491 descendissem,
616 2413 746 2495 quidam
768 2414 888 2481 milites
910 2410 1005 2477 laneo
1026 2413 1060 2475 et
1081 2407 1211 2477 Pribina
1228 2410 1394 2492 nominmi,
1414 2409 1472 2476 tilii
1486 2409 1608 2477 scilieet
1620 2408 1787 2492 leonardi,
1802 2428 1881 2477 sun·

319 2512 386 2580 dum
406 2508 618 2580 venerabilem
637 2521 764 2598 patrem
782 2520 928 2596 nostrum
944 2510 1114 2578 domuum
1136 2510 1184 2578 st
1206 2530 1301 2596 super
1322 2512 1458 2597 quedam
1485 2511 1645 2597 villaque
1669 2512 1804 2581 lancoro
1832 2510 1880 2580 di·

319 2614 398 2682 citur
418 2612 452 2678 in
473 2617 585 2681 nostra
602 2621 638 2682 et
658 2618 913 2702 sumcmptomm
934 2614 1091 2681 baronum
1117 2620 1298 2681 nostrorum
1324 2614 1488 2701 presencie
1512 2615 1666 2699 impetere
1691 2619 1883 2683 curaverunt

321 2719 536 2799 proponentes,
555 2717 689 2785 eandem
710 2721 820 2788 uuam
843 2717 905 2785 sibi
927 2717 998 2782 inre
1020 2711 1213 2780 hereditario
1234 2716 1403 2800 pertinere.
1434 2715 1565 2799 Verum,
1587 2717 1664 2802 quia
1684 2716 1766 2784 idem
1787 2734 1882 2784 rene·

320 2813 423 2881 rabilis
444 2820 668 2898 paternoster
689 2821 838 2889 dominus
858 2819 909 2886 Fi.
932 2836 973 2884 ex
991 2815 1124 2883 adverso
1145 2818 1325 2901 proposuit,
1342 2816 1517 2902 predictam
1537 2818 1647 2885 villam
1666 2836 1723 2903 per
1735 2819 1882 2886 comitem

321 2915 472 2982 tndream
491 2918 548 3001 qui
568 2919 674 2989 liesca
695 2921 982 3008 cognominabatur
1008 2917 1043 2984 in
1064 2919 1228 3000 presencia
1255 2918 1390 2985 illustris
1410 2918 1453 2986 Η.
1475 2917 1635 3001 quondam
1663 2919 1753 2986 ducis
1779 2918 1883 2987 Siccis

319 3025 348 3084 et
368 3016 521 3086 baronum
542 3023 611 3089 eius
633 3024 817 3094 Guezneusi
837 3023 970 3093 ecclesie
988 3018 1114 3105 publice
1136 3024 1170 3087 et
1190 3020 1408 3105 sollempniter
1426 3020 1575 3088 collatam
1596 3019 1703 3102 luisse,
1725 3038 1783 3087 nec
1806 3038 1878 3106 pre·

163 3183 173 3195 ,
320 3118 392 3185 dicti
413 3119 531 3188 milites
552 3126 690 3207 probare
715 3135 868 3214 poterant
894 3125 980 3210 quod
1002 3124 1113 3191 eedem
1138 3122 1269 3190 donacio
1297 3123 1401 3189 minus
1430 3122 1587 3206 legittima
1616 3123 1793 3192 extitisset:
1823 3142 1906 3192 nos

205 3307 208 3314 ¹
320 3219 356 3285 dc
373 3221 503 3289 consilio
526 3224 682 3298 baronum
703 3239 888 3299 nostrorum
911 3228 967 3312 qni
986 3230 1152 3311 presentes
1170 3230 1245 3293 tunc
1273 3226 1423 3310 temporis
1444 3224 1606 3294 nobiscum
1632 3224 1769 3318 merant,
1790 3240 1881 3312 sepe
1905 3241 1917 3320 j
1932 3251 1976 3319 ις,

319 3317 431 3387 lictum
453 3330 578 3405 patrem
600 3337 749 3401 nostrum
770 3334 935 3401 dominum
957 3328 1007 3396 Fi.
1030 3328 1071 3395 ab
1093 3326 1293 3410 impeticioue
1309 3326 1522 3410 predictorum
1545 3317 1682 3394 ruditum
1699 3332 1800 3413 'super
1820 3314 1899 3396 boc'·
1924 3369 1929 3378 ·
1955 3356 1958 3361 ·
1988 3410 1994 3424 .

320 3422 510 3491 summaliter
531 3428 680 3501 dommus
700 3436 939 3514 absolvendum,
961 3435 1152 3516 perpetuum
1172 3427 1289 3495 eisdem
1309 3429 1464 3496 militibus
1486 3430 1650 3497 silendum
1671 3431 1879 3515 imponentes

323 3520 464 3592 v⁰¹⁰¹¹t⁰⁸
485 3535 594 3600 ”stem
613 3539 652 3602 ut
674 3537 734 3605 hec
755 3556 883 3605 summa
910 3541 1022 3602 nostra
1050 3529 1148 3597 robur
1173 3527 1317 3596 obtinent
1343 3528 1505 3597 firmitati,
1533 3532 1567 3597 in
1592 3538 1754 3616 posterum
1779 3538 1814 3600 et
1842 3532 1896 3600 ab
2235 3496 2239 3502 ·

320 3622 456 3692 omuibus
478 3628 707 3705 inviolabiliter
729 3639 927 3717 observetur,
950 3653 1021 3702 aem
1043 3630 1235 3716 appensione
1256 3631 1352 3715 sigilli
1366 3634 1468 3699 nostri
1482 3638 1516 3700 et
1528 3634 1736 3703 unnotacione
1751 3636 1882 3703 testium

322 3724 371 3802 ‘lui
402 3736 563 3808 presentes
596 3742 674 3806 tunc
709 3740 875 3808 nobiscum
909 3737 1046 3804 aderam
1078 3733 1224 3800 duximus
1259 3733 1485 3816 roborandam,
1513 3736 1643 3805 nomina
1667 3737 1798 3804 testium
1824 3737 1883 3805 tali

320 3823 420 3892 onlioe
442 3827 659 3916 insignientes:
682 3840 862 3926 &mustus
877 3840 1041 3924 palatinus
1055 3836 1096 3902 de
1109 3836 1209 3918 Kulis,
1227 3834 1365 3903 omnin
1383 3838 1575 3905 castellanus
1589 3838 1784 3906 Gncznensis
1798 3840 1881 3926 (sic),

322 3922 467 4009 ltotpeik
489 3937 683 4008 castellanus
707 3942 897 4011 Calisiensis
919 3941 1001 4024 (sic),
1024 3937 1130 4005 larost
1147 3936 1340 4005 castellanus
1369 3938 1409 4005 de
1437 3940 1530 4023 Bnin,
1557 3940 1679 4009 Bozetc
1704 3943 1787 4010 lilius
1808 3941 1883 4010 Ste-

321 4023 417 4109 ptuni,
440 4029 610 4106 Prelslaus
631 4043 793 4129 subiugum
815 4045 903 4111 tibus
926 4039 1100 4108 Dirsoonis.
1136 4037 1204 4106 Hec
1226 4045 1333 4107 autem
1354 4047 1429 4108 acte
1447 4047 1523 4109 sunt
1543 4060 1627 4111 anuo
1649 4043 1883 4114 incarnacionis

323 4121 439 4196 turpini
460 4135 627 4210 millesimo
651 4144 837 4214 ccxlii

415 4363 580 4459 Ombos,
609 4383 788 4462 opnione.
833 4383 983 4463 renero,
1008 4377 1144 4445 sees.
1192 4377 1286 4462 amn,
1308 4382 1397 4445 ane
