4574 6240
10 3028 44 3077 a.

10 3131 45 3181 ὓ.

10 3216 48 3283 ria

10 3318 49 3386 ris

10 3440 51 3489 uo·

10 3543 52 3591 aa

10 3645 53 3694 π.

10 3746 56 3796 re-

10 3835 56 3911 et,

10 3949 59 3999 ao·

10 4155 62 4203 re·

10 4255 64 4305 are

10 4397 11 4408 ,
26 4344 64 4405 at

10 5178 74 5245 Ξ
10 5075 74 5125 ξ
10 4440 73 5022 {33⁶3ssss-

39 5367 78 5429 ἓ,

1752 424 1914 523 ἰι

372 665 478 719 omncs
498 643 687 713 beralitatas
707 665 785 730 ques
807 646 1080 715 iherosolimitana
1100 648 1232 716 ccclesia
1257 647 1300 714 ibi
1330 652 1436 731 posset
1462 645 1637 731 adquirere,
1663 651 1794 732 propter
1815 646 1917 714 domi·

372 751 433 822 uici
452 748 589 832 Sepulcri
613 751 821 817 reverenciam
843 750 884 816 ab
904 750 1049 817 omuibus
1069 749 1203 832 publicis
1224 749 1438 816 exactionibus
1459 755 1493 815 et
1514 748 1652 814 servitiis
1672 766 1734 831 que
1749 749 1782 814 in
1796 748 1917 816 ducatu

372 851 497 924 Polouie
517 850 606 925 horit
628 860 734 919 casem
754 835 879 936 penitus
900 852 1053 919 absolute.
1099 851 1219 935 ,Statuit
1240 851 1403 935 siqnidem,
1430 850 1514 934 qaod
1536 849 1677 916 hominus
1698 848 1732 916 ia
1753 851 1916 918 villis-no·
2025 927 2031 937 p

372 955 446 1023 stris
467 949 643 1018 habitantur
662 953 703 1019 ad
725 954 957 1037 expedicionem
979 972 1041 1021 non
1064 959 1147 1035 eout,
1169 962 1308 1020 castrum
1327 972 1390 1020 aaa
1404 952 1560 1033 edidoent,
1575 951 1705 1034 poralue
1719 958 1752 1018 et
1766 953 1916 1020 stroiaam

371 1074 433 1126 aaa
453 1053 538 1135 dent,
556 1055 729 1121 monetario
751 1074 814 1122 non
832 1056 990 1138 obediant,
1009 1075 1108 1140 povoz
1129 1060 1163 1122 et
1184 1055 1323 1139 podvodc
1343 1073 1405 1121 aon
1427 1054 1584 1133 tribuunt;
1607 1060 1738 1137 pmpter
1755 1055 1840 1137 qaod
1865 1073 1916 1123 ec·

374 1155 467 1228 daia
487 1161 595 1222 nostru
614 1163 679 1222 tam
701 1175 772 1224 eum
794 1176 889 1241 quam
910 1177 1105 1226 successores
1131 1175 1205 1224 suos
1233 1157 1410 1224 cincinnum
1437 1163 1471 1222 et
1497 1155 1717 1222 beaeliciorum
1742 1175 1805 1240 qua
1831 1156 1915 1240 apud

371 1277 427 1328 nos
446 1256 535 1337 liunt,
557 1257 725 1342 participes
745 1278 814 1327 csse
834 1262 997 1328 concessit
1043 1259 1103 1327 Gai
1124 1279 1196 1327 cum
1216 1258 1404 1326 hetereius
1433 1258 1559 1325 Meseco
1586 1258 1788 1326 successisset
1806 1259 1840 1325 ia
1859 1259 1917 1325 ho·

371 1377 445 1429 nore
465 1358 633 1442 regiminis,
663 1359 765 1428 actus
793 1368 843 1429 est
866 1363 1025 1446 particeps
1051 1362 1190 1445 pietatis,
1215 1352 1298 1427 'dum
1328 1361 1507 1428 libertatem
1533 1378 1629 1443 quam
1657 1361 1745 1443 prior
1770 1361 1917 1444 contulit,

371 1478 500 1545 macas
530 1461 750 1530 nichilominus
781 1466 988 1531 confirmavit
1032 1465 1109 1531 Post
1140 1483 1212 1531 euru
1242 1461 1342 1529 frater
1372 1464 1440 1529 cius
1472 1461 1537 1527 dux
1570 1459 1744 1529 Gasimirus
1776 1465 1918 1547 priorum

370 1561 665 1646 metaplasmum,
687 1564 805 1633 donum
826 1567 983 1634 libertatis
1004 1585 1025 1632 a
1045 1566 1195 1632 iratribus
1214 1565 1334 1632 editum
1355 1570 1461 1631 ratum
1483 1562 1596 1630 habuit
1616 1569 1650 1630 et
1671 1565 1751 1632 illud
1772 1583 1831 1634 suo
1852 1567 1918 1650 pri·
2056 1592 2059 1597 ·

371 1665 480 1750 vilugio
501 1665 677 1750 roboravit;
696 1670 780 1736 unde
801 1670 919 1737 iactam
941 1676 1001 1753 est,
1024 1675 1061 1736 ut
1079 1687 1227 1754 processu
1256 1667 1405 1751 temporis
1433 1667 1526 1733 multi
1555 1666 1615 1733 riri
1639 1667 1761 1735 nobiles
1779 1666 1919 1737 helemo-

371 1768 454 1836 siuas
474 1785 547 1833 suus
565 1770 695 1837 ecclesie
712 1777 821 1850 nostre
840 1773 1033 1854 conlerreat,
1061 1779 1095 1839 et
1116 1770 1306 1838 derudatas
1333 1769 1477 1836 suvibus
1496 1767 1556 1835 Dei
1574 1770 1693 1838 intuita
1715 1771 1918 1855 largirentur,

370 1886 499 1955 quorum
520 1871 648 1938 nomina
663 1870 809 1940 duximus
830 1873 1033 1942 annectenda
1079 1873 1116 1939 la
1137 1873 1247 1957 primis
1264 1872 1410 1940 domiuus
1431 1871 1559 1939 Gethko
1590 1872 1778 1940 venerabilis
1798 1872 1917 1942 Draco-

370 1972 674 2058 erasmianam,
696 1995 754 2060 pro
775 1978 881 2044 anima
902 1996 960 2044 sua
981 1983 1015 2044 et
1036 1995 1250 2044 successorum
1271 1994 1400 2043 suorum
1413 1973 1501 2041 dedit
1513 1973 1644 2041 ecclesie
1657 1975 1761 2042 sanati
1775 1975 1920 2061 sepulcri

370 2075 403 2142 la
423 2073 644 2143 helemosinam
666 2077 803 2146 decimas
823 2080 957 2147 istarum
978 2084 1115 2163 quatuor
1135 2079 1292 2160 villarum,
1314 2078 1435 2144 scilicet
1454 2076 1598 2159 Mechov‚
1614 2076 1756 2162 Zagoria,
1773 2077 1920 2146 Doman-

370 2194 444 2244 roro
464 2181 497 2242 et
518 2175 650 2247 docem
694 2180 848 2249 Dumium
870 2183 1099 2249 Zraatoslavus
1118 2180 1206 2248 dedit
1228 2179 1382 2248 (lecchum
1403 2178 1593 2246 imariorem
1637 2179 1792 2247 Dumium
1812 2198 1920 2248 mures
1962 2226 1964 2228 -

371 2277 546 2362 Stephanus
566 2279 655 2350 dedit
677 2282 832 2352 Coccham
853 2286 1055 2369 superiorem.
1101 2282 1213 2350 Comes
1234 2281 1408 2350 Micholaus
1427 2280 1588 2366 palatinus
1608 2280 1698 2348 dedit
1713 2281 1798 2348 duas
1816 2283 1919 2365 villas,

370 2379 465 2448 lacsir
486 2386 520 2448 et
540 2381 680 2466 Replicla
724 2387 839 2454 Frater
861 2386 1020 2454 Grecocha
1040 2386 1128 2453 dedit
1153 2387 1344 2471 villamque
1365 2392 1415 2452 ast
1439 2387 1530 2451 iaxta
1547 2384 1708 2452 Meschov.
1752 2384 1920 2469 liupoldus

371 2481 501 2550 clericus
521 2483 609 2552 dedit
631 2493 749 2555 sortem
770 2507 866 2556 unam
886 2508 948 2573 que
969 2495 1040 2556 erut
1061 2494 1156 2573 super
1177 2487 1341 2556 Coccham
1385 2486 1476 2555 Uxor
1493 2485 1657 2554 Gneomiri
1677 2506 1753 2555 curn
1773 2487 1840 2555 falia
1861 2505 1920 2556 suo

370 2583 456 2652 dedit
475 2585 661 2658 Iaatlrovic.
705 2591 860 2659 Dumium
881 2591 1016 2658 Lassata
1036 2590 1124 2664 dedit
1145 2591 1298 2659 Labuam
1329 2590 1484 2657 Dominus
1496 2589 1681 2658 Leoaardas
1702 2581 1792 2658 dedit
1811 2592 1922 2659 villam

371 2686 459 2754 luxta
479 2686 635 2759 cacumin
663 2693 858 2778 interiorem
880 2695 979 2762 irater
999 2696 1071 2762 eius
1093 2694 1298 2762 Wlodimiras
1319 2694 1408 2761 dedit
1432 2693 1610 2761 Belobreee
1658 2693 1814 2762 Iohannes
1833 2694 1922 2763 dedit

371 2788 557 2875 villamque
578 2792 756 2864 decumbita
776 2796 838 2863 fuit
859 2817 880 2864 a
900 2797 999 2864 iratre
1020 2798 1087 2864 eius
1107 2797 1237 2864 Matheo
1258 2816 1316 2883 pro
1335 2796 1526 2864 Gestiradic.
1560 2796 1716 2864 Dominus
1736 2795 1875 2864 Gerlach
1886 2803 1923 2864 et

371 2907 448 2958 uxor
477 2893 544 2960 eius
574 2914 646 2964 cam
670 2899 745 2966 liliis
771 2901 837 2966 suis
862 2899 1017 2967 delerant
1038 2900 1116 2966 duas
1137 2899 1237 2982 villas,
1261 2899 1381 2967 scilicet
1407 2897 1572 2965 characov
1594 2906 1628 2967 et
1645 2897 1788 2966 Dlaaarn.
1833 2898 1924 2966 Uxor

372 2990 525 3062 Wseborii
546 3017 604 3081 pro
625 3001 694 3068 eius
711 3003 818 3070 anima
836 3009 871 3070 et
890 3022 950 3069 sua
970 3011 1004 3070 et
1026 3003 1161 3070 liliorum
1182 3022 1310 3070 suorum
1328 3001 1416 3069 dedit
1428 3002 1537 3070 villam
1553 3021 1615 3086 que
1629 3002 1747 3070 dicitur
1760 3002 1922 3071 Golchovo

371 3113 440 3164 cara
461 3099 526 3166 suis
547 3104 758 3186 pertinentiis.
802 3105 956 3173 Dominus
979 3105 1178 3191 Gagnimirus
1198 3105 1287 3173 dedit
1307 3106 1505 3188 Beagaaovo.
1545 3105 1658 3173 Οοιιιοι
1676 3105 1809 3173 Iacobus
1828 3105 1922 3173 Sura·
2014 3097 2017 3103 ’

370 3194 558 3270 demerensis
587 3205 676 3274 dedit
703 3207 811 3275 villam
838 3226 899 3291 que
923 3209 1040 3276 dicitur
1065 3208 1202 3275 Kurohe.
1247 3206 1400 3274 Dominus
1429 3208 1573 3275 Michera
1600 3207 1689 3275 dedit
1714 3209 1806 3276 nobis
1827 3227 1925 3293 saper

370 3298 509 3370 Rabbara
529 3306 637 3375 villam
658 3328 720 3393 que
737 3310 855 3377 dicitur
876 3311 1005 3390 Quelme
1026 3330 1097 3377 cum
1119 3310 1251 3377 ecclesia
1271 3316 1305 3376 ct
1325 3308 1455 3376 decimis
1476 3316 1510 3376 et
1531 3308 1635 3378 lorum
1665 3318 1699 3377 et
1724 3311 1922 3394 thabemam

371 3406 404 3466 et
423 3403 517 3473 aliam
535 3409 643 3477 villam
665 3410 868 3480 Mescoviche.
898 3412 1008 3480 iterim
1027 3413 1149 3481 addidit
1171 3412 1225 3479 Sal
1237 3412 1277 3479 de
1291 3411 1471 3496 Beclregna¹
1486 3412 1574 3479 aliud
1593 3412 1648 3480 Sal
1663 3413 1924 3496 iaPrevenchaa,

371 3506 500 3573 terciam
522 3508 576 3576 Sal
599 3511 772 3598 Sidignam
793 3521 827 3583 et
848 3516 943 3582 aliam
965 3517 1130 3583 tabernam
1152 3514 1352 3582 Studcncam
1396 3514 1542 3582 Andreas
1568 3514 1668 3583 irater
1693 3514 1816 3583 Mathai
1837 3516 1926 3583 dedit

370 3602 509 3676 Bamvol.
551 3613 591 3680 Ia
612 3615 864 3686 Sumdemereasi
883 3620 1042 3702 provintia
1066 3636 1170 3685 comes
1199 3617 1394 3684 Radoslavus
1419 3636 1478 3702 pro
1508 3619 1615 3685 anima
1642 3636 1700 3686 sua
1725 3618 1813 3686 dedit
1833 3618 1925 3686 nobis

371 3704 512 3778 Scarisov
533 3722 567 3782 et
588 3718 763 3802 ecclesiola,
785 3720 889 3788 iorum
910 3729 945 3789 ct
965 3723 1138 3790 tabernam
1182 3721 1346 3788 Prediatus
1368 3739 1444 3788 vero
1465 3720 1530 3787 dur
1547 3720 1721 3789 Casimirus
1737 3721 1833 3788 talcar
1848 3715 1926 3789 hdie

370 3805 436 3876 foro
456 3817 592 3884 contulit
612 3820 802 3906 libertatem,
824 3831 861 3891 ut
886 3825 1052 3909 adipsum
1084 3826 1257 3906 venientes,
1287 3831 1448 3892 morantes
1472 3832 1506 3892 et
1529 3835 1696 3908 exeuntes,
1721 3827 1927 3893 mercimonia

371 3907 466 3981 libere
487 3923 676 3991 contrahere
704 3933 843 4009 possent.
886 3927 1029 4011 Insuper,
1060 3928 1189 3999 consilio
1219 3945 1296 3994 usus
1322 3934 1356 3994 et
1382 3947 1475 4011 prece
1506 3930 1753 3996 monetariorum
1782 3935 1923 4013 rogatus,

372 4016 435 4082 iret
455 4022 601 4091 marchas
623 4029 779 4095 manualis
805 4032 928 4114 argenti
957 4030 996 4097 de
1025 4030 1118 4097 domo
1148 4030 1208 4097 Dei
1229 4031 1412 4097 monetariis
1431 4031 1502 4098 dari
1523 4031 1678 4113 decrerit3
1701 4032 1828 4098 domiuo
1850 4049 1924 4098 vero

372 4119 453 4186 terre
473 4120 514 4191 de
535 4128 679 4209 quolibet
708 4133 852 4216 plaustro
885 4134 960 4201 salis
989 4134 1220 4217 quinquaginta
1247 4133 1363 4216 capita,
1393 4134 1501 4200 domui
1528 4153 1604 4201 vero
1631 4132 1796 4201 duodecim
1821 4134 1927 4218 capita

371 4217 445 4287 ulis
465 4229 609 4313 accipere
630 4237 814 4319 constinrit;
846 4236 886 4304 de
912 4237 1032 4304 alleciis
1059 4256 1133 4305 vcro
1156 4236 1288 4305 totidem
1309 4237 1430 4303 allecia
1482 4235 1574 4303 Hanc
1605 4255 1680 4322 eruo
1713 4236 1927 4321 supradictam

371 4318 548 4398 libertatem
565 4333 692 4403 domino
714 4341 894 4423 patriarcha
914 4346 948 4406 et
968 4339 1081 4406 ceteris
1102 4339 1255 4405 iratribus
1274 4358 1332 4422 per
1352 4339 1478 4405 litteras
1499 4358 1575 4406 suas
1595 4339 1808 4408 demandavit.
1841 4339 1927 4406 Ean·

371 4421 440 4496 dem
462 4435 559 4504 etiarn
579 4440 761 4511 libertatern
788 4462 893 4511 eorum
920 4444 1064 4510 Sdizlavo
1093 4444 1329 4528 archiepiscopo
1354 4444 1388 4508 ia
1415 4442 1540 4509 Pascha
1565 4442 1693 4510 Domini
1720 4443 1756 4509 ia
1783 4441 1928 4526 Spirzov,

371 4530 478 4600 multis
497 4537 615 4610 ibidem
638 4546 796 4613 nobilibus
814 4548 1004 4629 astantibus,
1026 4548 1150 4613 domiuo
1173 4545 1332 4613 Casimiro
1349 4545 1487 4628 iubente,
1513 4547 1659 4614 domium
1677 4546 1787 4629 Lupus
1808 4547 1929 4629 episco-

371 4645 429 4710 pus
449 4635 483 4703 in
505 4649 664 4713 conmuni
685 4650 869 4732 predicavit,
892 4656 969 4716 tuuc
997 4650 1093 4741 etiam
1120 4651 1239 4732 scripto
1265 4656 1299 4716 et
1326 4649 1430 4732 sigillo
1452 4667 1510 4716 suo
1531 4649 1738 4716 confirmavit
1782 4647 1928 4715 Decianus

371 4747 443 4802 lert)
463 4739 563 4825 ipsius
586 4750 719 4818 ecclesie
739 4753 900 4835 predictus
922 4754 1086 4837 episcopus
1105 4751 1230 4818 Gedcco
1252 4751 1384 4833 addat,
1414 4752 1536 4819 scilicet
1557 4751 1712 4818 decimam
1732 4751 1773 4818 de
1792 4768 1929 4817 mmmc-

371 4847 491 4909 marato
513 4845 661 4920 Scarisov
682 4860 717 4921 et
738 4855 873 4922 abarum
893 4862 1031 4939 quatuor
1051 4855 1211 4920 villarum:
1234 4853 1417 4921 Modrelaac
1438 4859 1472 4921 et
1490 4852 1642 4920 Virbiche
1667 4859 1701 4921 et
1722 4852 1928 4921 Sdiaeclroric

371 4943 404 5002 ‘t
424 4939 571 5035 Offimpa.
616 4955 738 5024 Iterum
760 4959 922 5043 predictus
944 4976 1048 5025 comes
1070 4956 1265 5024 Rodoslavus
1287 4956 1376 5023 dedit
1393 4957 1549 5041 Repiaam
1562 4963 1596 5024 et
1611 4957 1753 5023 homines
1767 4962 1928 5024 morantes

372 5035 469 5112 ¹¹¹&
513 5052 670 5126 Dominus
692 5061 767 5128 Ziro
789 5068 823 5128 et
843 5080 923 5127 uxor
944 5061 1012 5127 eius
1034 5079 1106 5126 cum
1127 5059 1192 5126 lilio
1214 5078 1272 5127 suo
1293 5058 1409 5126 Oltoae
1431 5059 1586 5126 dederunt
1599 5058 1678 5125 daus
1691 5059 1798 5126 villos:
1819 5057 1929 5125 Sarru-

370 5151 441 5220 Μ
458 5168 520 5234 rue
541 5167 593 5227 est
614 5180 710 5246 super
731 5163 864 5247 veum,
887 5171 920 5231 et
942 5183 1040 5248 prope
1064 5164 1137 5229 rua
1161 5164 1269 5230 uram.
1314 5161 1464 5230 crason
1492 5162 1582 5231 aaut
1606 5164 1734 5231 uenum
1759 5180 1855 5247 qum
1875 5162 1931 5230 ue·

372 5247 520 5323 cambivit
541 5262 686 5344 prelatus
712 5265 911 5351 cagnimirus
942 5285 1000 5351 pro
1029 5266 1176 5334 Dorovua
1203 5271 1238 5333 et
1267 5264 1414 5334 (lomeov.
1457 5265 1613 5333 Dumium
1638 5265 1717 5334 Otto
1745 5265 1786 5333 de
1813 5263 1931 5333 Verbic
1966 5324 1978 5344 ,
2036 5286 2046 5303 ·

372 5341 458 5418 dedit
478 5354 623 5435 Dirscav.
653 5367 824 5438 Voizlarus
844 5370 945 5437 frater
966 5369 1085 5438 domiai
1100 5367 1279 5437 Guthkonis
1295 5367 1446 5454 episcopi,
1466 5370 1501 5437 ln
1520 5367 1756 5438 Vrocalavieasi
1770 5368 1931 5454 provincia

1659 5502 1662 5509 ·
1723 5487 1758 5546 θ’
