4574 6240
517 332 590 408 sto
665 298 672 308 '

509 547 619 601 norem
640 529 699 600 Dei
717 537 752 599 et
772 529 859 600 beati
880 527 1045 598 Adalberti
1075 529 1182 598 villum
1213 548 1274 613 que
1299 530 1467 615 Gregoreu
1495 527 1613 596 dIcitur
1638 545 1709 595 eum
1732 525 1818 594 omni
1844 543 1901 593 suo
1933 525 2002 594 iure
2026 548 2063 598 uc

509 633 667 716 districtu.
688 652 761 702 cum
782 633 958 702 custoribus
978 639 1013 700 et
1034 631 1251 699 venationibus
1273 637 1306 700 et
1327 633 1471 699 omnibus
1492 632 1564 699 aliis
1584 630 1779 697 utilitatibus
1799 647 1862 714 que
1881 630 1914 695 in
1932 646 1970 696 ea
1988 638 2064 698 sunt
2109 633 2113 640 '

510 734 560 804 tel
581 734 690 803 haberi
719 743 866 821 possunt,
895 734 1021 802 domiuo
1049 734 1180 801 I'uiconi
1210 733 1388 801 Gncenensi
1417 733 1653 818 archiepiscopo
1682 734 1814 816 eiusque
1833 730 2065 800 suecessoribus

509 836 639 922 pacifice
660 856 698 905 ac
717 839 825 923 quiete
844 839 878 905 in
895 844 1039 906 eternum
1061 836 1282 920 possidendum
1304 835 1438 917 contuli,
1466 843 1499 902 et
1521 841 1559 901 ut
1586 834 1643 901 hee
1670 852 1741 900 mea
1761 833 1891 901 donatio
1912 839 2065 918 perpetue

509 939 671 1008 firmitatis
692 940 790 1008 robur
810 939 953 1008 obtiueat
974 939 1008 1006 in
1029 944 1200 1023 posterum,
1224 945 1401 1021 presentem
1423 939 1570 1020 paginam
1592 937 1653 1003 mci
1676 935 1848 1003 munimine
1861 935 1957 1021 sigilii
1972 936 2064 1003 robo-

510 1042 588 1110 ravi
632 1044 749 1109 Actum
770 1042 804 1108 in
822 1042 953 1109 Guezna
973 1040 1129 1109 dominice
1152 1040 1382 1108 Incurnutiouis
1404 1059 1486 1108 anno
1507 1038 1745 1121 MCCXXXVI,
1773 1040 1988 1123 presentibus:
2009 1039 2066 1106 do-

508 1143 596 1212 mino
614 1142 770 1211 Baldaino
792 1143 921 1227 decano,
950 1144 1077 1210 domiuo
1098 1142 1251 1227 Boguiaio
1273 1150 1403 1210 cantore
1431 1143 1648 1224 Poznuniensi,
1678 1143 1804 1209 domino
1826 1144 1982 1225 inungo,
2010 1142 2065 1209 do

509 1245 596 1314 mino
617 1244 753 1328 Mutina,
774 1245 902 1313 domino
923 1245 1092 1314 Thomasio
1114 1245 1273 1313 eanonIcIs
1295 1245 1425 1313 ecclesie
1448 1245 1651 1326 Gneznensis,
1675 1245 1780 1327 Petro,
1803 1245 1940 1326 Zivrido‚
1955 1244 2065 1328 Paulo,

509 1345 664 1416 Niebolao
695 1347 822 1415 vicariIs
849 1346 988 1416 elusdem
1017 1348 1161 1432 ecclesie,
1196 1350 1311 1416 sumile
1343 1347 1439 1417 Petro
1465 1348 1638 1417 metatio
1667 1346 1791 1416 dueIsse
1820 1354 1855 1416 et
1877 1347 1949 1415 aliis
1970 1365 2067 1432 quum

510 1448 665 1536 pluribus.

612 1579 791 1688 omens,
827 1606 1030 1685 druomw.

1156 1798 1258 1887 Ns.
1290 1793 1392 1887 200.

615 1992 851 2079 wladislaus
878 1995 957 2077 dux
981 1992 1133 2079 Polnnis
1161 1999 1295 2078 1237
1320 1993 1407 2079 Ian
1429 1999 1499 2091 13,
1524 1993 1567 2077 in
1584 1993 1749 2095 duosam
1771 2010 1894 2080 maten
1914 2027 2067 2078 meum

507 2114 583 2184 filiis
603 2116 669 2182 suis
689 2114 842 2183 Premislo
863 2120 897 2181 et
917 2114 1072 2199 Bolaslao,
1092 2116 1235 2185 Ianussio
1257 2117 1443 2185 canceiludo
1458 2115 1606 2183 I'uleonis
1620 2113 1847 2199 archiepiscopi
1863 2113 2066 2182 Gueauensis

387 2294 389 2300 A
509 2216 620 2286 villam
641 2215 812 2286 ostrum
832 2216 1092 2302 Prymasowsldc.

617 2324 755 2401 Mouet
766 2325 885 2402 omnia.
897 2325 946 2386 No
955 2324 1188 2400 manmena.
1199 2323 1344 2404 submit,
1354 2325 1580 2404 przmvieezow
1588 2322 1711 2386 elamet
1716 2322 1854 2405 pieczfci
1863 2321 1917 2386 bez
1926 2322 2069 2401 mettim

621 2424 762 2490 meaa
784 2426 902 2488 Arcbm
930 2426 1062 2504 capituti
1084 2426 1242 2506 Metropot
1267 2426 1315 2502 11,
1337 2429 1368 2489 4.

615 2590 654 2661 In
680 2592 807 2660 nomiae
839 2590 967 2660 Domini
998 2592 1101 2661 nostri
1133 2592 1227 2661 ihesu
1258 2594 1377 2662 christi
1409 2611 1512 2662 amen
1555 2538 1606 2662 ue
1634 2599 1797 2678 gestarum
1823 2593 1943 2662 noticia
1963 2610 2069 2660 rerum

397 2742 400 2748 -
512 2711 663 2782 processu
684 2695 837 2780 temporis
859 2692 900 2763 ab
923 2695 1061 2764 bumana
1078 2703 1247 2765 evanescat
1266 2697 1428 2780 memoria,
1450 2697 1662 2765 neeessmium
1684 2701 1734 2763 ast
1754 2702 1829 2763 acta
1842 2695 1983 2779 legitime
1995 2695 2070 2762 lite·
2153 2703 2155 2706 ’

513 2815 622 2866 rarum
640 2797 821 2865 testimonio
842 2803 877 2865 et
898 2799 1027 2865 testium
1056 2797 1289 2882 subscripsione
1309 2800 1507 2884 perbenuari.
1551 2796 1708 2865 Norerint
1734 2797 1832 2882 igitur
1853 2802 2016 2882 presentes
2035 2802 2070 2864 et

512 2898 644 2986 posteri,
664 2899 749 2984 quod
770 2917 830 2983 ego
851 2898 1044 2966 wladislaus
1070 2900 1130 2968 Dei
1153 2902 1260 2986 gracia
1285 2900 1350 2967 dux
1376 2900 1506 2967 Poionie
1527 2919 1591 2969 una
1612 2919 1684 2968 eum
1705 2899 1779 2967 filiis
1797 2899 1892 2981 meIs,
1916 2898 2070 2967 PremIsIo

512 3001 659 3071 videlieet
679 3005 714 3069 et
734 3000 895 3083 boleslao,
925 3002 965 3067 ed
992 3002 1180 3085 peticionem
1207 3002 1395 3070 venerabilis
1422 3003 1523 3087 patris
1550 3002 1669 3070 domitii
1698 3001 1847 3069 Falconis
1875 3001 2070 3069 Gneenensis

368 3135 370 3139 ⁴
513 3101 741 3188 archicpiscopi
762 3102 890 3170 huusio
912 3103 1099 3171 cancellario
1119 3104 1218 3187 ipsius
1239 3103 1358 3171 contuli
1376 3104 1485 3170 villam
1510 3103 1670 3171 Ostrovite
1691 3104 1827 3184 nomine,
1846 3120 1909 3188 que
1930 3101 1993 3169 fuit
2013 3101 2072 3169 bo·

512 3203 634 3271 mum
655 3222 796 3272 meorum
818 3203 1010 3272 decimarum
1031 3211 1066 3271 et
1086 3205 1338 3286 paroemiorum,
1358 3224 1431 3273 eum
1451 3205 1524 3273 lacu
1544 3211 1579 3273 et
1599 3206 1672 3274 aliin
1694 3204 1970 3290 utilitatibusque
1984 3206 2019 3271 in
2032 3223 2072 3272 ea

465 3309 466 3314 ’
512 3311 589 3374 sunt
608 3305 659 3374 vel
679 3305 789 3375 baberi
810 3314 943 3392 possunt
964 3307 1058 3391 pleno
1080 3308 1150 3374 inre
1175 3306 1367 3375 hereditario
1396 3306 1525 3392 pacifice
1549 3306 1785 3392 possidendam,
1818 3306 1945 3376 adiecta
1970 3307 2071 3375 eclam

512 3406 572 3477 tall
593 3407 783 3492 eondIcione,
804 3409 889 3493 quod
909 3410 940 3477 ei
961 3409 1106 3476 dedicta
1126 3408 1203 3478 vids
1224 3411 1338 3477 testari
1359 3410 1455 3478 dccet
1472 3414 1506 3477 et
1526 3409 1673 3478 heredem
1693 3428 1913 3495 quemcunque
1934 3408 2070 3476 uoluerit
2208 3393 2211 3398 ’

512 3508 575 3578 sibl
594 3510 796 3579 substituere.
840 3511 885 3579 Et
905 3530 946 3579 ue
973 3511 1031 3579 boe
1058 3513 1093 3579 in
1121 3512 1251 3580 dubium
1274 3513 1420 3597 ctdquam
1448 3518 1602 3594 uertatur,
1628 3519 1806 3597 presentem
1833 3513 1981 3597 paginam
2009 3512 2071 3579 mei

371 3633 374 3639 ’
513 3613 687 3681 munimine
709 3613 807 3699 sigilli
834 3613 989 3683 roboravi.
1034 3615 1151 3683 lictum
1176 3617 1209 3682 in
1238 3616 1369 3683 Gneana
1392 3634 1477 3683 anuo
1507 3615 1634 3681 Domini
1656 3613 1937 3696 mccxxxvn,
1962 3612 2073 3680 XVIII

515 3713 675 3783 Kalendis
694 3715 869 3798 Februarii,
891 3716 1104 3800 presentibus:
1132 3716 1258 3785 domiuo
1281 3717 1421 3784 I'uleone
1441 3715 1620 3784 Gnezueusi
1641 3716 1886 3803 archippiseopn,
1909 3715 2072 3801 Stephano

516 3818 705 3889 oeneallauio
727 3838 807 3903 meo,
830 3819 982 3888 Ceeirudo
1004 3821 1177 3888 castellano
1199 3821 1416 3902 PoznanIensi,
1437 3818 1593 3886 balduino
1614 3819 1733 3887 demus
1752 3818 1946 3901 Gueanensi,
1968 3818 2073 3902 Bogu-

514 3919 580 3990 Iaio
601 3927 732 3991 mutere
750 3921 957 3991 Poananieusi
979 3928 1014 3990 ct
1033 3922 1106 3990 aliis
1127 3941 1224 4007 quam
1246 3921 1399 4008 pluribus.
2104 3929 2105 3932 ’

619 4089 791 4176 ostrum
818 4095 974 4160 meronie
1001 4097 1244 4175 stemmate.

1193 4323 1266 4409 Nr.
1299 4319 1399 4411 201.

622 4515 786 4623 Barnym
822 4519 899 4602 dux
938 4516 1136 4602 slavorum
1171 4522 1306 4603 1287
1332 4520 1434 4603 Febr.
1461 4525 1506 4616 2,
1531 4517 1574 4601 in
1600 4516 1736 4620 Statim
1777 4535 1944 4602 confimat
1975 4534 2072 4602 oons-

515 4637 635 4706 liouem
654 4637 867 4706 hereditatum
889 4639 1020 4723 Treben,
1048 4639 1209 4724 Doberpol
1239 4646 1273 4706 et
1298 4641 1403 4724 stagni
1426 4640 1560 4722 Zoviuu,
1582 4656 1662 4723 ques
1685 4636 1875 4704 wladislaus
1895 4637 1962 4704 dux
1983 4636 2075 4704 Polo.

511 4738 586 4807 niae
606 4741 798 4808 monasterio
820 4741 860 4808 de
880 4740 1020 4809 Kolbucz
1042 4742 1229 4810 contulerat.
1751 4808 1754 4815 ,

619 4845 768 4923 Idicmpt'n,
792 4849 989 4911 Pommerrcb.
1019 4847 1258 4910 Urkrsndeoducb
1281 4848 1333 4909 Nr.
1355 4847 1431 4912 33⁹.
1477 4848 1660 4912 Huseelbucb
1678 4846 1744 4909 uerti
1769 4845 1967 4926 innuerem,
2002 4845 2074 4908 Coti.

402 5018 415 5028 ³
516 4946 698 5011 martie
720 4948 903 5027 diplomaltc.
926 4951 980 5012 Nr.
1003 4949 1078 5013 244.
1103 4953 1135 5025 (z
1156 4952 1265 5031 leopit').

618 5129 655 5200 In
676 5133 803 5203 nomIoe
824 5141 933 5203 sancte
960 5142 993 5202 et
1018 5134 1178 5203 individue
1203 5134 1369 5203 Trinitatis
1395 5153 1497 5203 amen.
1541 5133 1610 5217 Ego
1640 5131 1781 5218 Barnym
1803 5133 1862 5199 Dei
1884 5132 1990 5217 gratia
2010 5131 2076 5200 dux
2121 5095 2125 5104 Ι

512 5229 691 5316 durorum,
712 5235 857 5304 omnibus
878 5244 1059 5322 presentem
1086 5239 1236 5323 pagiuam
1262 5237 1451 5322 inspecturis
1472 5236 1609 5304 salutem
1631 5236 1665 5304 in
1683 5235 1821 5304 Domino
1844 5235 1950 5303 lbessu
1995 5233 2076 5304 (lum
