4574 6240
1885 365 2040 461 '1⁷1
2178 339 2186 354 '

493 577 621 650 ¹oorustat
649 579 793 647 omnibus
821 597 944 647 omnem
973 579 1183 664 principatum
1212 587 1245 649 et
1273 588 1465 667 potestatem
1486 581 1527 650 ad
1548 581 1795 650 sublevationem
1816 581 1969 653 bonomm
1989 584 2044 655 de·

496 680 750 770 pressionemque
771 681 926 749 malorum
940 701 960 748 a
974 681 1041 748 Deo
1056 683 1271 766 constitutam,
1294 686 1407 752 divinis
1430 688 1513 752 circe
1533 702 1591 750 nos
1611 682 1771 751 maniciis
1792 684 1895 767 dignis
1915 705 2045 773 respon·

495 784 570 852 dere
591 784 754 868 cupientes
774 783 932 867 operibus,
954 785 1041 868 pacis
1063 786 1276 870 equitatisque
1294 789 1364 856 iura
1385 789 1508 856 cunctis
1528 787 1634 854 animo
1655 784 1768 852 libenti
1790 805 1916 855 seruere
1936 790 2044 860 decre·

496 887 612 968 rimus,
634 892 669 953 et
689 886 751 952 biis
772 887 919 968 maxime,
940 888 995 971 qui
1015 888 1159 972 deposita
1178 891 1310 958 seculari
1333 894 1569 959 conuersatione
1596 894 1697 955 semet
1728 888 1814 972 ipsos
1846 907 2044 975 nequaquem

496 982 686 1058 milicientcs
708 990 800 1071 tueri,
822 989 921 1056 solius
942 989 1001 1056 Dei
1023 996 1193 1074 nostraque
1219 991 1397 1060 detonsione
1419 992 1589 1060 confidunt
1634 989 1812 1074 Eapropter
1838 998 1948 1060 notum
1974 1010 2045 1062 esse
2081 1021 2084 1028 ·

495 1091 640 1159 volumus
660 1091 804 1159 omnibus
832 1092 1009 1159 inditione
1036 1102 1147 1160 nostra
1175 1095 1357 1162 constitutis
1389 1101 1453 1162 tam
1476 1091 1673 1178 presentibus
1695 1110 1790 1176 quam
1812 1090 1939 1174 tutum,
1960 1095 2045 1178 quod

494 1194 536 1262 ob
557 1193 729 1262 remedium
750 1195 854 1261 anime
872 1213 941 1261 mee
962 1211 1019 1260 nec
1040 1212 1104 1262 non
1132 1201 1167 1261 et
1193 1201 1360 1279 parentum
1378 1214 1528 1277 meorum,
1550 1193 1701 1260 iratribus
1724 1191 1988 1263 cisterciensibus
2009 1196 2044 1265 in

496 1296 612 1367 Gelbes
633 1295 701 1363 Deo
721 1295 947 1365 famulantibus
969 1296 1158 1364 contulimus
1180 1299 1391 1382 proprietates
1413 1298 1470 1363 bas
1492 1315 1548 1364 seu
1566 1295 1768 1379 hereditates,
1790 1295 1910 1364 seilicet
1922 1296 2046 1367 Treben

495 1407 530 1469 et
550 1398 710 1484 Doberpol
730 1417 803 1467 cum
824 1405 936 1482 stagno
951 1398 1069 1465 Zorina
1083 1406 1200 1466 etcum
1222 1399 1367 1467 omnibus
1389 1399 1530 1467 terminis
1543 1404 1578 1465 et
1590 1399 1771 1466 attinenciis
1792 1398 1875 1480 suis;
1898 1404 1933 1465 et
1952 1418 2045 1468 omne

422 1491 436 1513 ”
495 1503 546 1571 iius
566 1501 652 1586 qnod
672 1499 716 1567 ibi
737 1519 788 1568 me
809 1501 1033 1586 cognoscebam
1062 1500 1189 1584 babere,
1217 1520 1288 1569 cum
1314 1501 1409 1586 egris,
1438 1501 1549 1586 protis,
1572 1500 1793 1584 aquinensis,
1815 1501 1951 1585 pascuis,
1973 1520 2045 1570 cum

496 1603 581 1673 omni
602 1603 743 1672 utilitate
764 1610 799 1671 et
819 1610 975 1690 prouentu
993 1605 1049 1687 qui
1070 1623 1154 1671 nunc
1177 1612 1227 1673 est
1246 1606 1296 1672 vel
1317 1609 1451 1689 apparet
1471 1603 1522 1671 uel
1543 1605 1577 1670 in
1602 1609 1764 1688 posterum
1786 1603 1896 1673 haberi
1916 1606 2045 1690 poterit,

496 1706 530 1775 in
550 1710 736 1792 perpetuum
758 1706 880 1774 donavi.
924 1705 974 1773 Ne
993 1711 1104 1773 autem
1133 1707 1283 1791 predictis
1308 1705 1474 1787 tratribus,
1504 1706 1538 1772 tn
1560 1704 1689 1773 christo
1709 1705 1848 1788 dilectis,
1869 1725 1965 1793 super
1985 1706 2046 1776 bac

496 1813 563 1877 mm
583 1808 766 1877 rationabili
786 1815 896 1876 nostre
917 1808 1075 1877 libertatis
1096 1806 1268 1877 donacione
1288 1810 1355 1876 ulla
1376 1810 1570 1893 inposterum
1596 1807 1785 1892 ambiguitas
1812 1809 1958 1894 cuiqnam
1986 1809 2045 1878 du·

495 1911 583 1980 binm
604 1911 735 1993 oriatur,
756 1911 807 1978 rel
828 1911 935 1980 saltim
956 1910 1106 1980 eadllosa
1127 1914 1251 1995 questio
1274 1930 1500 1996 aqnocunque
1521 1916 1694 1992 moueatur,
1716 1911 1765 1994 (et
1781 1910 1839 1979 bec
1860 1918 1971 1980 nostra
1988 1913 2045 1980 do·

497 2013 600 2100 nabo)
618 2031 690 2081 cum
711 2013 861 2098 predictis
883 2014 1132 2098 possessionibus
1152 2021 1186 2083 et
1207 2016 1429 2101 suprascriptis
1450 2013 1602 2094 temnis,
1623 2012 1712 2080 sinrd
1732 2012 1765 2079 in
1779 2012 1942 2097 privilegio
1956 2012 2046 2082 Wal-

496 2115 610 2184 dielasi
631 2116 720 2184 ducis
739 2116 870 2184 Polonia
891 2123 1064 2184 noscuntur
1085 2116 1206 2200 moeri,
1234 2124 1307 2185 rata
1327 2125 1362 2185 et
1381 2115 1564 2184 inconmba
1584 2120 1737 2199 perpetuo
1762 2121 1952 2199 perseveret,
1973 2134 2045 2199 pre·

496 2224 619 2288 entem
639 2219 786 2303 paginam
808 2217 905 2303 sigilli
926 2218 1028 2286 nostri
1049 2220 1239 2303 appensione
1260 2237 1331 2287 eum
1353 2219 1482 2286 testim
1501 2217 1733 2300 subscriptione
1747 2216 1877 2284 lecimus
1891 2215 2044 2284 roborari

497 2320 622 2391 Teates:
644 2319 856 2402 Princiborus,
874 2318 1066 2390 Sulisclanus
1084 2321 1323 2403 lesseradcmm
1345 2321 1508 2406 Pantynus
1529 2318 1739 2404 sepissime
1761 2326 1795 2387 et
1815 2318 1948 2388 lneobna
1968 2318 2045 2389 Seo-

497 2422 646 2507 merle,
674 2421 863 2491 Vinsclnsus
887 2429 922 2491 et
946 2422 1003 2491 alii
1031 2441 1127 2512 qnam
1144 2423 1261 2510 plnres.
1304 2423 1423 2492 Danum
1442 2441 1527 2493 anno
1547 2421 1675 2492 Domini
1694 2419 1948 2507 uccmvn,
1980 2421 2045 2491 1111

496 2523 607 2595 Nonas
625 2522 802 2608 Februarii,
823 2525 857 2593 in
878 2522 994 2594 stetin

601 2727 2044 2817 connumerabenmuuaoemuoborpotnooepmtsnmnmzenm

496 2835 922 2900 ammensleve&
1245 2834 1247 2838 '

1151 3128 1244 3219 'Nn
1275 3127 1374 3218 202

600 3327 819 3413 mausum
845 3330 924 3412 dux
948 3327 1099 3413 Pelonie
1124 3326 1230 3410 illins
1262 3327 1395 3430 quoni.
1417 3326 1551 3411 tidonis
1577 3325 1682 3410 decis
1709 3328 1842 3407 1237
1867 3323 1945 3408 lini
1962 3327 2047 3422 23,

498 3430 542 3515 in
568 3429 729 3533 Glitium
755 3447 879 3518 contem
905 3447 1021 3515 Domni
1046 3446 1222 3533 Hospitalis
1242 3466 1268 3515 a.
1290 3446 1440 3516 lobennis
1460 3447 1625 3532 neptim
1646 3446 1855 3515 hereditatem
1872 3443 2046 3530 Korytorro

498 3568 570 3619 mm
589 3550 736 3619 omnibns
755 3551 944 3620 amoenis
1647 3615 1655 3627 ,

601 3657 715 3734 nrm
750 3657 871 3720 ncne.
888 3658 1053 3719 nmmos
1080 3654 1203 3718 ome
1224 3657 1353 3732 mmm
1382 3655 1588 3717 nemmem
1617 3651 1732 3734 (nepe
1753 3672 1771 3715 ι
1792 3650 1922 3715 ινιιι
1939 3651 2046 3728 mun,

497 3755 551 3821 bez
575 3759 715 3836 poenae
741 3756 877 3840 mia)
922 3755 1061 3830 Potenti,
1091 3757 1209 3832 Korsiai.
1247 3757 1352 3817 Stante
1384 3758 1473 3819 Arcti
1507 3757 1653 3819 Belem
1683 3757 1882 3818 Pomm.
1907 3770 1937 3815 a
1959 3749 2046 3816 1777

496 3861 549 3935 soc
571 3860 646 3925 aaa.
672 3859 857 3939 mmmm,
885 3863 953 3924 eon
975 3862 1155 3938 apeme.
1187 3859 1295 3921 uaso.
1321 3861 1422 3921 noua
1444 3859 1496 3921 m.
1518 3857 1569 3920 ao.
1608 3860 1641 3920 1.
1664 3859 1734 3922 cu.
1756 3858 1897 3920 nom
1916 3875 1959 3917 n.-
1989 3855 2047 3918 ee

498 3963 612 4040 mlop.
634 3963 747 4025 Hister.
769 3963 883 4026 Noetu.
907 3982 930 4024 o.
952 3965 981 4024 d.
1003 3961 1283 4025 nmen-ulamma
1305 3963 1333 4021 cl
1352 3962 1532 4024 lenaeum
1558 3960 1684 4040 mem,
1704 3961 1859 4038 ponotuje
1877 3961 1923 4042 rip
1936 3975 1980 4020 ne
1993 3959 2047 4020 do·
2128 4033 2129 4036 Ἴ

498 4062 1182 4149 sumniammqmonpomeu
1202 4064 1346 4126 mecum
1368 4064 1554 4127 smmum
1575 4062 1626 4126 su.
1645 4064 1730 4126 rm
1750 4063 1852 4126 mue
1872 4062 2047 4145 tempu

499 4165 840 4246 mmmmm.

600 4365 639 4435 ln
658 4369 787 4439 nomine
805 4374 915 4437 nnete
935 4367 1103 4436 Trinitatis
1128 4372 1162 4434 ct
1188 4365 1347 4434 individue
1377 4366 1520 4436 Unitatis
1547 4386 1649 4436 amen
1693 4366 1929 4434 tutamentum
1954 4384 2048 4433 mum

487 4485 562 4536 non
583 4468 663 4538 bene
682 4469 833 4556 dispomt,
855 4473 910 4557 qui
929 4470 1063 4538 terrenis
1086 4475 1210 4538 tentum
1231 4468 1397 4536 heredibus
1415 4476 1553 4538 testatam
1574 4475 1609 4537 et
1628 4489 1692 4537 non
1713 4469 1793 4537 iacit
1814 4467 1976 4535 Christum
1990 4485 2048 4534 sue

497 4569 676 4639 abstentis
695 4574 918 4643 misaelem
941 4574 1088 4640 universa
1107 4573 1190 4639 bona
1211 4573 1265 4656 qni
1287 4579 1411 4656 prestat
1431 4573 1619 4654 bominibus,
1645 4578 1770 4658 portem
1794 4571 1890 4640 debet
1908 4570 2049 4654 recipere

498 4675 712 4757 preadtorum
756 4676 940 4745 Innoteseet
960 4676 1058 4758 igitur
1080 4681 1146 4741 tam
1165 4675 1362 4758 presentibus
1384 4694 1478 4759 qnam
1500 4674 1616 4742 marris
1636 4677 1794 4760 presentis
1816 4673 1930 4758 papium
1950 4672 2049 4738 lecto-

497 4773 595 4857 ribns,
616 4777 702 4860 quod
723 4796 782 4862 ego
804 4778 986 4847 Vlodislnns
1004 4777 1065 4844 Dei
1085 4777 1190 4861 gratis
1210 4776 1273 4842 dux
1294 4775 1424 4843 Polonie
1444 4776 1528 4844 illies
1548 4776 1709 4862 quondam
1724 4776 1844 4844 Orionis
1862 4773 1951 4841 ducis
1965 4772 2049 4839 mes

497 4875 570 4946 dem
590 4879 795 4964 principatus,
817 4881 857 4949 de
879 4899 1033 4950 consensu
1053 4879 1190 4947 filiorum
1220 4897 1359 4945 meorum
1379 4877 1525 4946 Prnmisli
1543 4886 1578 4947 ct
1596 4879 1736 4946 Boleslai
1756 4877 1871 4944 donari
1891 4873 2049 4942 inedita·

498 4983 563 5047 tem
580 4998 643 5064 qne
663 4982 836 5065 miranter
859 4982 1029 5052 choritovo
1050 4990 1182 5052 uocatur
1202 4983 1316 5049 Domni
1336 4982 1510 5067 Hospitalis
1523 4984 1626 5051 sancti
1640 4983 1789 5051 lobannis
1803 4979 1959 5064 seposta
1975 4996 2067 5045 cnm·

480 5081 641 5150 'omnibns
661 5085 728 5151 suis
749 5087 943 5168 annuntiis,
967 5104 1038 5153 cnm
1063 5087 1148 5154 omni
1171 5086 1310 5152 utilitate
1332 5104 1370 5152 aa
1391 5085 1538 5152 libertate
1562 5085 1692 5170 pacifice
1711 5104 1750 5151 ac
1768 5089 1923 5168 perpetue
1946 5080 2049 5164 pesol-

497 5181 643 5266 donem,
663 5185 746 5253 deut
764 5195 835 5254 eam
856 5187 996 5272 presedit
1009 5193 1142 5271 patruus
1158 5205 1246 5254 meus
1268 5187 1320 5269 pie
1334 5187 1558 5255 morulationia
1579 5186 1645 5253 dux
1659 5185 1858 5265 vinosum
1879 5181 2049 5251 habentem

499 5283 2052 5375 mmmmanroqnlbmadatmmolvmsnrunmmetedobw

1841 5402 1895 5462 θ’
