4574 6240
1173 543 1248 630 Nr.
1278 541 1380 634 '183

609 739 866 826 Wolodlalans
883 741 962 824 dun
986 740 1137 825 Polouio
1164 747 1299 825 1285
1324 765 1355 827 s.
1374 746 1421 842 d„
1438 744 1480 826 in
1501 763 1647 826 somma
1665 740 1820 824 erotema
1838 739 2056 850 dnsmona13

505 861 620 948 recipit
638 863 864 931 monasterinm
883 861 1025 946 Parudya
1046 863 1080 928 lo
1100 879 1192 931 suam
1213 864 1356 931 tutelam.

607 969 746 1047 Peracta
764 971 883 1046 orppin
920 967 1050 1029 Bziwkt
1077 968 1119 1030 od
1143 971 1384 1049 mmmmm
1408 964 1520 1047 obdab·
1541 970 1688 1054 plectae,
1709 963 1800 1030 ktdrn
1821 965 1931 1029 orobm
1948 968 2056 1032 mbo

502 1085 602 1134 m
631 1077 776 1146 ulma
793 1075 870 1140 vno

611 1167 746 1237 manat
791 1169 864 1233 soa
899 1169 1071 1250 saepta.
1115 1173 1255 1253 apaan
1277 1176 1313 1238 A.
1337 1175 1366 1236 4.
1411 1167 1593 1253 emera.
1642 1172 1712 1235 cor.
1736 1172 1917 1252 maana
1945 1173 2056 1240 naor.

607 1475 645 1544 1n
666 1474 792 1543 nomine
813 1482 923 1544 munte
944 1481 978 1543 et
998 1475 1158 1547 individue
1179 1477 1354 1546 Trinitatis
1399 1476 1615 1545 Wolodinlaus
1636 1474 1701 1544 dux
1722 1475 1862 1545 Polonie
1898 1475 1979 1544 Cum
2000 1496 2058 1546 uos

346 1662 351 1671 ι
503 1579 559 1664 qni
581 1577 614 1645 iu
635 1578 771 1646 eurania
791 1576 1040 1645 sublimitatibus
1064 1597 1174 1646 summ
1199 1579 1364 1647 constituti
1391 1579 1481 1647 varia
1503 1577 1692 1663 prepediant
1713 1579 1844 1664 negocia
1868 1598 1911 1647 ua
1931 1581 2058 1664 proprie

503 1679 681 1752 animarum
709 1680 806 1748 saluti
838 1680 936 1748 libere
966 1699 1079 1750 vacare
1108 1682 1278 1766 possimus,
1310 1681 1479 1766 expediens
1502 1679 1594 1748 nobis
1614 1680 1751 1764 ridetur,
1772 1681 1924 1766 quamdin
1944 1682 1978 1748 in
1998 1682 2059 1751 bac

505 1782 589 1852 lucis
609 1783 662 1851 sia
682 1788 775 1851 vacat
795 1782 896 1863 nobb,
918 1801 1086 1868 queamus
1105 1784 1234 1868 amicos,
1256 1803 1390 1869 qnorum
1410 1783 1608 1852 oracionibus
1628 1790 1663 1852 et
1681 1783 1805 1852 meritis
1828 1785 1993 1865 adiuti,·et
2004 1782 2060 1877 de·

503 1884 677 1974 primeutas
697 1891 899 1971 peecatorum
919 1885 1086 1954 marnoa
1106 1886 1286 1970 dissolvere,
1307 1892 1343 1955 et
1361 1893 1472 1956 eterne
1489 1885 1652 1955 felicitatis
1669 1884 1884 1955 habitaculum
1898 1886 2059 1955 valeamus

349 1980 352 1985 ’
502 1986 646 2056 introire.
689 1985 773 2054 Hinc
794 1986 946 2072 estquod
965 1987 1120 2055 nnivernis
1141 1988 1332 2070 castellanis,
1355 1989 1517 2056 advocatis
1535 1988 1713 2073 ceterisque
1734 1987 1880 2058 fidelibus
1901 1988 1935 2056 in
1949 1993 2059 2056 nostm

503 2089 685 2176 principatu
706 2090 889 2157 constitutis
909 2089 1140 2175 significamus,
1162 2091 1247 2176 qnod
1267 2090 1400 2159 dilectos
1421 2089 1538 2159 mbas
1558 2091 1687 2159 Ordinis
1701 2090 1920 2160 cisterciensis
1941 2091 1975 2157 in
1990 2090 2059 2158 loco

503 2192 560 2278 qni
593 2198 726 2261 vocatur
755 2191 936 2276 Paradysns
968 2193 1023 2277 qui
1045 2194 1122 2260 olirn
1143 2192 1328 2261 Gostecoue
1346 2192 1512 2262 dicebatur
1533 2195 1733 2276 constitutos,
1755 2197 1788 2262 iu
1809 2201 1952 2262 nostram
1973 2210 2059 2262 reee-

503 2294 608 2380 pimns
628 2295 857 2381 protectionem
878 2294 972 2361 simul
994 2301 1028 2362 et
1059 2295 1203 2363 tutelam.
1247 2293 1466 2379 significamus
1499 2298 1599 2365 ecum
1630 2296 1793 2364 dilectioni
1823 2301 1943 2380 voeuu,
1975 2295 2060 2381 quod

503 2396 718 2483 mdicnrum
739 2397 874 2467 benum
896 2398 1038 2467 homines
1060 2399 1116 2483 qui
1141 2416 1226 2466 nnnc
1249 2398 1309 2465 snb
1334 2399 1411 2482 ipsis
1432 2397 1587 2481 resident,
1614 2399 1665 2467 sal
1686 2416 1767 2485 quos
1788 2398 1822 2465 in
1839 2403 2003 2484 posterum
2024 2397 2058 2465 in

504 2499 571 2569 suis
592 2502 737 2570 terminis
757 2502 809 2570 sel
830 2502 1079 2586 possessionibus
1101 2519 1185 2571 nuuc
1200 2501 1317 2569 habitis
1330 2502 1381 2568 rel
1396 2501 1499 2570 adhuc
1512 2521 1552 2570 ex
1565 2501 1738 2569 donacione
1753 2499 1892 2569 fidelium
1907 2499 2060 2568 habendis
2105 2551 2108 2556 =

504 2601 688 2686 locaverint,
710 2604 744 2670 in
762 2602 893 2672 eandem
915 2605 1083 2689 recipimus
1102 2603 1236 2672 tutelam
1258 2610 1295 2670 et
1315 2601 1538 2671 defensionem.
1571 2602 1619 2672 Ut
1640 2602 1739 2688 igitur
1752 2603 1930 2689 sepedictus
1944 2601 2060 2671 banea
2174 2645 2176 2649 -

504 2702 546 2773 de
566 2710 678 2774 nostra
696 2706 837 2774 mincia
864 2713 898 2773 et
922 2707 1119 2791 protectione
1141 2724 1236 2790 quam
1258 2724 1279 2772 a
1299 2703 1389 2772 uobis
1410 2705 1581 2790 sperabant
1601 2705 1805 2774 redderemus
1825 2723 1962 2789 securus,
1988 2723 2060 2791 pre·
2169 2732 2171 2736 ¹

504 2823 578 2876 acm
598 2809 753 2895 scriptum
772 2826 870 2893 super
891 2826 928 2876 eo
954 2809 1103 2876 iussimus
1126 2806 1196 2874 dari
1223 2813 1257 2876 et
1276 2806 1374 2892 sigilli
1394 2808 1496 2874 nostri
1524 2808 1731 2893 impressione
1748 2807 1901 2892 roborari,
1925 2806 2060 2876 testibus

504 2907 725 2979 nichilominus
746 2909 897 2979 adhibitis
915 2929 1050 2996 quorum
1068 2910 1198 2979 nomina
1216 2915 1291 2977 sunt
1312 2909 1385 2978 bec:
1408 2909 1564 2978 Henricus
1584 2909 1683 2978 abbas
1703 2909 1745 2979 de
1763 2909 1879 2992 Lenin3
1901 2908 2060 2978 Baldnui·

505 3030 567 3081 nm
584 3013 722 3082 decanus
743 3013 966 3097 Gnezenensis,
990 3013 1167 3082 Oristianus
1188 3019 1305 3096 matos,
1328 3010 1560 3096 chartnnchus‚
1585 3012 1732 3096 Thomas,
1750 3012 1890 3095 Mutina,
1918 3011 2061 3080 Theode-

505 3115 600 3198 ricus,
621 3115 775 3200 ndreae,
809 3116 992 3202 Stephanus
1018 3115 1241 3197 cancellarius,
1268 3114 1427 3183 limtiuus
1452 3116 1594 3184 canonici
1623 3115 1860 3197 Gneaeuenscs3
1885 3113 2060 3197 Boleslans,

509 3216 709 3288 Zemomuale
744 3217 801 3286 filii
830 3218 942 3300 nostri,
975 3223 1010 3287 et
1037 3218 1094 3287 alii
1123 3235 1219 3302 quam
1242 3215 1349 3302 plnres
1379 3220 1446 3285 tam
1468 3216 1690 3303 clericionem
1712 3218 1792 3286 laici
1836 3216 1957 3286 Datum
1976 3234 2061 3286 auno

499 3322 614 3406 vgracie
633 3320 679 3390 ld.
700 3320 763 3391 Oc.
787 3322 946 3391 tricesimo
967 3322 1090 3406 quinto,
1111 3321 1145 3389 iu
1166 3337 1290 3389 summa
1312 3318 1672 3390 mansuetasse

608 3542 799 3630 Parrdysus,
821 3544 897 3613 olim
911 3543 1104 3622 Gestaoowe,
1127 3546 1195 3612 art
1215 3547 1370 3625 Pur-affl.
1400 3542 1514 3629 Lenia,
1536 3547 1643 3612 [cala

1179 3893 1253 3982 Nn.
1288 3891 1386 3980 184.

610 4088 843 4175 Wlodiulaus
870 4090 948 4211 dux
974 4089 1126 4174 Polonio
1153 4095 1289 4175 1235
1314 4115 1344 4176 s
1371 4095 1407 4175 d.
1433 4094 1471 4177 ot
1496 4092 1541 4194 ις
1562 4109 1684 4179 aufert
1698 4129 1762 4178 nna
1776 4128 1847 4178 cum
1861 4130 1960 4180 more
1973 4109 2059 4179 nat-

506 4213 579 4300 rrigl
599 4217 634 4280 et
652 4210 725 4278 filiis
746 4209 904 4296 Pmemysl
925 4218 960 4279 et
981 4210 1128 4280 Boleslao
1149 4213 1256 4281 villam
1271 4211 1427 4281 Ninlowo
1442 4231 1514 4282 cnm
1527 4213 1666 4280 sortibus
1687 4213 1838 4282 eecloeim
1852 4212 2060 4282 Pornanieusi

384 4350 388 4359 ·
506 4313 604 4383 sartis
624 4312 686 4381 sub
706 4312 948 4382 conditionibus.

612 4420 750 4497 Perm
777 4421 895 4497 mae.
942 4420 1076 4482 Smrkl
1097 4420 1259 4497 jaceatne
1286 4421 1443 4500 eybtnkle-
1461 4422 1502 4484 orl
1522 4423 1762 4500 przwtozealn
1782 4424 1889 4508 piccio
1915 4425 2061 4508 pleazfcr',

508 4517 596 4587 W
612 4521 747 4687 m
792 4624 909 4686 Malia
938 4624 1072 4703 Capituli
1094 4623 1122 4698 1,
1144 4625 1175 4689 t.

610 4841 649 4912 ln
671 4842 797 4912 nemim
817 4846 927 4912 uncte
945 4848 980 4911 et
1000 4844 1161 4913 mdividm
1181 4843 1348 4913 Trinitatis
1368 4863 1470 4915 amen
1514 4843 1669 4926 Quoniam
1689 4845 1854 4929 senentio
1876 4846 2011 4932 preterit
2028 4853 2064 4915 et

508 4947 672 5035 genuatio
693 4944 832 5028 advent,
855 4965 982 5015 ammae
1004 4954 1056 5016 est
1076 4948 1162 5032 quod
1178 4967 1217 5016 ea
1231 4949 1339 5033 quein
1355 4955 1509 5034 perpetua
1521 4947 1698 5016 stabilitate
1709 4967 1893 5034 permanere
1906 4951 2062 5032 uolumus,

442 5072 453 5080 ·
506 5049 687 5120 litterarum
707 5049 873 5135 diligentia
898 5052 1046 5119 annotari
1074 5049 1235 5118 bdamns.
1280 5050 1364 5118 ilinc
1390 5057 1440 5118 est
1466 5050 1550 5136 quod
1576 5069 1635 5134 ego
1661 5048 1855 5120 Wlodizlaus
1876 5051 1936 5121 Dei
1956 5053 2062 5138 pratia

383 5214 388 5222 .
507 5152 574 5223 dus
594 5152 723 5222 Polonie
745 5171 803 5221 nec
825 5171 888 5221 non
914 5153 1047 5222 illustris
1073 5153 1201 5220 ducissa
1226 5171 1306 5221 uxor
1335 5172 1406 5222 mea
1438 5150 1619 5238 Hadewigis
1651 5173 1716 5222 nna
1741 5173 1812 5224 cum
1841 5156 1959 5224 noetus
1988 5155 2063 5223 filiis

508 5253 698 5326 Primizlone
730 5260 765 5324 et
795 5240 963 5325 Boleslaro
989 5261 1099 5325 notum
1129 5256 1263 5326 bcimus
1288 5255 1442 5324 universis
1469 5254 1590 5325 Christi
1617 5255 1777 5341 fidelibus,
1809 5257 1894 5343 qnod
1923 5278 1995 5329 cnm
2021 5258 2064 5328 ob
