4574 6240
612 273 685 349 tit

602 475 669 540 dzil
700 477 781 538 mole
813 462 960 554 Zurczya
1005 469 1161 554 colorans,
1192 473 1381 559 somniique
1424 471 1620 554 Rammius,
1646 471 1821 555 (lausana
1848 471 1953 556 tomo),
1981 477 2032 540 aie
2062 484 2152 564 adpo.

603 580 723 642 Mona.
768 574 896 662 Slupslr,
918 598 937 642 z
958 577 1122 642 aiermclm
1144 577 1258 655 scapo.

1278 871 1351 958 Nr.
1384 864 1485 957 207.

708 1067 931 1151 Vladlahus
949 1068 1025 1152 dux
1042 1068 1193 1151 Palania
1219 1071 1353 1149 1238
1380 1070 1481 1153 Febr.
1509 1075 1583 1167 15,
1609 1069 1651 1150 in
1668 1067 1833 1172 duosam
1847 1083 2154 1162 cenomanorum.

517 1265 523 1280 ,
604 1188 782 1255 tunicarum
800 1188 978 1272 pactionem
999 1190 1219 1257 mercatoriam
1240 1191 1310 1258 init.
1901 1246 1906 1262 .

708 1293 883 1373 Hominum,
906 1294 1088 1357 Horaiaches
1116 1295 1362 1360 Urlaadeabaca
1408 1299 1515 1375 Book!
1538 1297 1606 1360 cod
1630 1296 1751 1375 diplooa
1773 1293 1832 1376 17,
1854 1295 1909 1356 lir.
1932 1293 1984 1359 19.

708 1494 777 1564 iias
797 1494 980 1564 vladislaus
1002 1497 1061 1564 Dei
1082 1499 1189 1580 gmcia
1210 1498 1277 1566 dux
1291 1498 1421 1567 Polonie
1434 1505 1546 1567 notum
1559 1515 1630 1566 asse
1643 1497 1787 1582 cupimus
1800 1497 1966 1577 universis,
1987 1498 2072 1581 qnod
2086 1517 2154 1573 cum

604 1597 645 1668 ub
666 1595 807 1666 honestis
828 1598 904 1666 riris
923 1597 1076 1668 iratribus
1095 1599 1216 1668 Domus
1234 1601 1427 1670 Teutbonioe
1446 1601 1539 1670 stab
1561 1600 1633 1670 aliis
1654 1599 1799 1684 pluribus
1824 1598 2021 1667 audissemus
2047 1620 2155 1686 querc·

605 1700 653 1769 lus
675 1700 877 1793 multimodas
898 1718 995 1786 super
1015 1700 1232 1769 exactionibus
1254 1702 1470 1772 theloneorum
1499 1702 1648 1770 indebitis
1676 1703 1710 1769 in
1731 1708 1820 1770 terra
1843 1707 1962 1784 nostru,
1991 1702 2092 1772 vnum
2109 1716 2157 1777 cst

605 1802 698 1872 nobis
720 1821 792 1872 cum
812 1801 1048 1886 deliberatione,
1071 1805 1155 1889 quod
1174 1804 1246 1873 iura
1266 1806 1420 1874 conscribi
1433 1804 1474 1873 de
1489 1806 1606 1873 talibus
1621 1803 1805 1886 laceremus,
1826 1809 1864 1872 ut
1878 1804 1998 1872 sciatur
2010 1805 2156 1879 manca

602 1905 674 1992 quis
695 1904 869 1991 dequibus
892 1905 1073 1974 theloneum
1094 1906 1215 1975 solrere
1237 1914 1383 1976 menum
1403 1914 1438 1975 et
1457 1913 1629 1992 qnantum:
1652 1926 1693 1976 ne
1712 1925 1796 1974 rano
1811 1907 1926 1974 umore
1940 1910 2079 1992 musaei
2092 1917 2156 1980 taur

604 2007 844 2094 crucesignati
866 2010 1023 2094 peregrini
1045 2028 1140 2095 quum
1163 2012 1388 2095 negociatores,
1410 2030 1431 2077 a
1452 2011 1518 2078 suis
1540 2007 1768 2079 intentiombns
1779 2008 1961 2077 deahtendo
1974 2010 2088 2078 itinera
2099 2000 2157 2082 sua

604 2112 714 2180 mitius
747 2117 909 2196 peragant,
932 2119 966 2179 et
995 2118 1032 2179 ut
1056 2111 1243 2181 thelonearii
1274 2121 1462 2199 musqueto
1482 2113 1555 2199 plus
1581 2131 1678 2196 quum
1702 2111 1840 2179 debeam
1872 2129 1936 2178 non
1965 2120 2156 2197 presumant

602 2212 779 2282 Statuimus
805 2213 912 2299 igitur,
940 2220 977 2280 ut
1003 2232 1112 2283 omnes
1138 2222 1205 2284 tam
1231 2217 1389 2301 peregrini
1416 2215 1518 2285 ciues
1545 2215 1664 2300 nimau
1690 2232 1785 2298 quam
1810 2214 1867 2298 qui
1885 2231 1957 2282 cnm
1979 2213 2106 2283 amisis
2125 2223 2158 2284 et

601 2314 870 2402 suppellectilibus
889 2323 1056 2384 uamennt
1075 2316 1117 2385 ad
1137 2317 1280 2386 Prutiam
1301 2318 1413 2387 velud
1427 2324 1545 2386 urnam
1566 2317 1775 2399 culmensem,
1796 2315 1978 2385 omnimoda
1998 2315 2155 2400 munau

605 2417 764 2502 libertate,
786 2418 849 2486 nisi
869 2419 897 2486 si
918 2419 952 2486 in
974 2419 1079 2487 reditu
1102 2419 1180 2487 tulis
1197 2420 1356 2502 duxerint,
1378 2420 1418 2488 de
1438 2419 1553 2506 quihus
1571 2418 1798 2505 negociationis
1812 2418 1940 2487 eddens
1954 2417 2088 2502 curpho
2102 2418 2157 2486 bs·

603 2519 727 2591 beatur.
772 2519 807 2588 Si
828 2539 905 2615 sero
923 2520 1051 2590 sridsns
1073 2540 1137 2589 non
1158 2523 1311 2606 mutarit,
1331 2523 1369 2607 is,
1391 2524 1481 2590 cuius
1502 2523 1658 2604 scutulis,
1681 2521 1851 2589 iuramenti
1865 2521 2013 2589 mutim
2025 2521 2158 2604 prestita

603 2624 689 2711 quod
708 2623 750 2692 ad
771 2641 848 2691 usus
868 2625 1012 2708 proprios
1033 2624 1150 2692 habere
1171 2625 1347 2710 proposuit,
1368 2642 1404 2692 se
1424 2623 1578 2693 absolvat
1622 2624 1714 2704 Item,
1735 2639 1808 2690 cum
1830 2620 1913 2689 cives
1932 2619 1974 2688 de
1988 2621 2081 2687 terris
2094 2618 2158 2687 ha·

602 2731 700 2810 trum,
719 2742 799 2812 quos
820 2724 1023 2810 prediximus,
1055 2726 1141 2793 exire
1166 2726 1325 2794 voluerint
1353 2726 1394 2792 ad
1421 2724 1533 2793 domus
1567 2742 1624 2793 sue
1653 2725 1831 2792 necoemria
1856 2722 2158 2808 comparandumsi

602 2847 685 2897 unns
706 2827 756 2897 rel
778 2827 841 2894 duo
866 2846 923 2895 seu
950 2826 1058 2912 pluras
1085 2846 1157 2896 cum
1182 2826 1284 2895 literis
1309 2826 1573 2895 testimonialibus
1593 2825 1764 2894 eorundem
1793 2823 1929 2892 fratrum
1957 2824 2101 2892 uenerint
2125 2824 2159 2892 in

603 2930 718 3019 quibus
739 2930 879 3015 ipsorum
900 2930 1028 2996 nomina
1049 2935 1125 2996 sunt
1147 2935 1275 2998 notata:
1298 2927 1338 2996 de
1356 2928 1536 2996 huiusmodi
1557 2928 1742 2996 necessariis
1756 2927 1854 3009 nichil
1868 2927 2002 2995 solvant
2032 2925 2158 2994 Etcum

603 3032 645 3101 ad
666 3032 812 3100 ultimum
835 3037 1033 3100 revehatur
1056 3031 1248 3114 theloneum,
1268 3048 1343 3099 suas
1365 3028 1656 3098 narniensium
1676 3027 1870 3098 theloneum
1892 3028 2062 3112 resignare
2090 3027 2158 3096 Hoc

605 3138 713 3203 antem
735 3133 915 3202 thalamum
936 3151 1006 3201 esse
1024 3133 1144 3202 lactum
1158 3134 1320 3201 sanximus
1341 3134 1375 3200 in
1396 3133 1526 3201 Gnesns
1540 3137 1575 3200 et
1588 3132 1622 3199 in
1637 3131 1777 3199 Poman:
1792 3137 1832 3199 nt
1844 3131 2059 3216 negociatores
2073 3131 2159 3216 quic

606 3237 684 3323 quid
705 3237 738 3304 in
760 3236 904 3305 curribus
922 3237 988 3304 suis
1007 3236 1165 3319 duxerint,
1192 3241 1300 3322 preter
1327 3235 1425 3304 salem
1446 3241 1480 3303 et
1500 3235 1621 3318 alleca,
1645 3235 1722 3304 dent
1750 3234 1790 3303 de
1811 3234 1955 3321 quolibet
1982 3250 2065 3320 equo
2090 3251 2159 3301 cru·

491 3328 497 3338 “
605 3358 700 3408 rnum
717 3338 797 3406 duos
818 3345 922 3406 scotos
942 3343 1077 3420 tantum,
1097 3339 1158 3406 nisi
1177 3339 1217 3406 de
1237 3338 1351 3424 pannis
1374 3357 1468 3406 anam
1490 3336 1597 3405 ulnam
1619 3338 1746 3422 longam
1767 3337 1810 3406 ad
1823 3342 1927 3404 totum
1944 3336 2107 3405 brachium
2120 3335 2159 3403 de

604 3444 725 3530 optimo
746 3461 852 3527 panno
874 3460 967 3526 quem
985 3442 1156 3508 habuerint
1175 3441 1234 3508 suh
1255 3440 1403 3524 scarleta,
1424 3446 1459 3508 et
1480 3439 1640 3508 marcham
1654 3441 1772 3526 piperis
1785 3439 1999 3527 superaddent
2013 3439 2157 3508 theloneo

604 3550 789 3613 memorato.
833 3543 881 3612 De
901 3543 968 3612 sals
988 3563 1063 3614 uero
1085 3561 1144 3629 pro
1165 3544 1306 3629 quolibet
1327 3560 1407 3628 equo
1430 3541 1586 3624 trahente,
1607 3560 1705 3611 unum
1727 3541 1865 3612 cribrum
1879 3561 1951 3612 cnm
1966 3542 2091 3612 cumulo
2104 3541 2160 3610 da·
2218 3536 2222 3548 '

550 3712 554 3721 .
601 3647 684 3716 bunt
705 3652 839 3716 mutum.
884 3646 932 3714 De
951 3646 1103 3715 allecibus
1125 3664 1260 3732 quoqne,
1283 3646 1311 3713 si
1333 3663 1443 3714 currus
1465 3644 1633 3713 Polonicus
1659 3645 1766 3728 fuerit,
1795 3663 1853 3731 pro
1875 3663 1956 3730 equo
1982 3663 2039 3714 sex
2060 3662 2154 3714 retra

607 3749 764 3832 allecium,
786 3749 842 3818 sed
856 3750 884 3817 sl
898 3749 1109 3816 Theutonicus
1124 3749 1276 3831 extiterit,
1299 3767 1356 3833 pro
1377 3748 1509 3833 angam
1530 3748 1620 3833 equis
1639 3753 1778 3833 quatuor
1796 3766 1901 3818 verva
1935 3747 2026 3831 item,
2047 3748 2160 3834 siquis

604 3852 639 3920 in
660 3869 756 3922 curru
773 3852 808 3919 in
828 3869 891 3936 qno
912 3850 1001 3919 ducit
1021 3852 1198 3919 necessaria
1218 3850 1410 3935 supradicta.
1437 3867 1557 3936 pannos
1584 3851 1691 3920 decem
1717 3850 1759 3919 ad
1786 3851 1889 3920 mnus
1918 3869 1998 3936 quos
2027 3849 2159 3919 vendere

604 3954 750 4037 voluerit,
772 3953 941 4023 ueletiam
966 3954 1099 4022 totidem
1120 3954 1161 4022 ad
1181 3956 1281 4022 maius
1300 3971 1422 4040 pannos
1444 3972 1514 4021 cum
1544 3953 1616 4022 aliis
1640 3956 1869 4024 mercationum
1895 3954 1988 4024 rebus
2017 3954 2158 4022 duxerit:

603 4055 644 4126 de
673 4057 815 4143 quolibet
843 4076 946 4142 panno
977 4058 1066 4125 dabit
1092 4059 1172 4126 dnos
1203 4059 1349 4127 denarios
1377 4058 1576 4127 Turonenses
1601 4064 1709 4144 preter
1745 4058 1925 4127 theloneum
1957 4057 2159 4142 sepedictum

603 4157 676 4227 Hiis
696 4159 849 4228 adicimus
871 4160 1038 4241 institutis,
1057 4160 1141 4244 qnod
1163 4160 1312 4246 quicquid
1335 4162 1586 4245 comparaverint
1607 4181 1678 4230 cunr
1701 4162 1845 4230 omnibus
1860 4162 1961 4247 primo
1981 4161 2085 4243 dictis,
2099 4157 2159 4225 nisi

603 4261 726 4345 allecia¹
745 4262 842 4331 nichil
861 4263 992 4330 solvent
1037 4263 1160 4331 Harum
1179 4264 1417 4330 institutionum
1439 4268 1536 4331 usta
1564 4269 1640 4330 sunt
1661 4265 1695 4331 hi
1714 4264 1829 4332 innuas
1857 4262 1985 4332 Ordinis
2013 4260 2158 4347 predicti:

603 4362 695 4432 mccc
713 4370 789 4431 tunc
803 4362 841 4430 'in
863 4365 1038 4432 ministerio
1060 4371 1171 4432 sancte
1191 4365 1303 4433 Crucis
1324 4365 1516 4433 constitutus
1537 4370 1571 4434 et
1593 4365 1759 4448 lohannes,
1778 4374 1812 4435 et
1833 4365 1953 4435 nobiles
1974 4365 2075 4432 nostri
2096 4363 2160 4430 nc

603 4473 717 4549 metat,
739 4465 866 4534 Cicerat
887 4467 1079 4534 cmtellanus
1101 4466 1306 4549 Gneznensis,
1328 4459 1443 4534 Milesu
1461 4467 1651 4550 castellanus
1672 4469 1706 4535 in
1725 4468 1880 4553 Oztrosre,
1899 4466 2027 4536 Nebora
2048 4464 2161 4534 castel-

604 4569 697 4638 lunus
726 4572 759 4637 in
791 4569 915 4652 Obcriz‚
951 4569 1068 4650 Zbilnt,
1101 4575 1135 4637 et
1164 4570 1219 4635 alii
1252 4590 1348 4655 qnam
1381 4570 1497 4655 plures.
1551 4570 1671 4639 Datum
1703 4573 1736 4638 in
1769 4571 1901 4639 Gumna
1933 4571 2026 4638 Anno
2057 4569 2161 4654 gracie
2214 4583 2217 4587 ’

560 4663 567 4676 ’
604 4669 906 4753 uocmvm,
929 4672 1105 4739 indictione
1127 4672 1300 4755 undecima,
1322 4672 1521 4757 quindecimo
1540 4672 1699 4741 Kalendas
1722 4673 1841 4742 Martii.

707 4876 829 4959 Pthiis,
857 4883 965 4960 Priscu.
1015 4876 1203 4961 Culmunsis,
1231 4884 1269 4944 dc
1300 4883 1451 4945 ciramea.
1500 4877 1654 4961 Οῑῑῐοπε,
1689 4868 1811 4956 Osirin,
1840 4884 1946 4946 mele
1975 4901 2018 4946 aa
2052 4883 2161 4961 upspie

601 4985 725 5062 seriora
747 4982 891 5065 Ledaim,
911 4983 977 5047 deii
996 4988 1096 5047 ruina
1141 4981 1266 5065 oneris,
1296 4984 1458 5064 Obrzpckn
