4574 6240
444 284 516 360 198

438 483 545 570 gracia
565 481 630 549 dux
650 479 779 550 Polonio
796 490 906 551 notum
927 483 1058 551 iacimus
1079 485 1233 553 uniuersis
1253 491 1319 554 tarn
1341 484 1540 571 presentibus
1561 503 1656 569 qnam
1678 483 1795 552 neuris
1809 494 1985 568 presentem

337 592 341 599 “
438 584 580 654 litteram
600 583 798 667 inspecturis,
817 584 900 668 quod
920 604 991 653 curn
1012 585 1139 653 domum
1161 587 1252 672 beate
1273 589 1404 672 virginis
1420 587 1523 654 ldarie
1544 587 1729 655 monasterii
1750 585 1938 657 Lubinensis
1952 603 1985 662 et

439 684 554 754 iratres
575 685 691 753 ibidem
709 684 777 752 Deo
802 687 975 754 militantes
1003 688 1056 771 pio
1074 688 1189 756 affectu
1211 696 1436 775 prosequentes
1460 688 1698 772 amplectamur,
1724 707 1764 756 en
1789 693 1987 773 suggestione

439 787 536 873 dignu
556 787 709 855 baronum
730 793 909 856 nostrorum
929 789 983 872 qui
998 794 1107 857 nostro
1123 795 1199 857 tunc
1214 791 1291 858 inibi
1306 790 1488 875 conspectui
1501 792 1683 873 astiterunt,
1698 796 1828 875 proptor
1841 791 1986 878 sollemp

439 889 573 958 mtatem
595 889 655 958 loci
676 888 791 974 prefati
812 890 994 956 monasterii
1023 896 1058 956 et
1085 898 1228 959 nostrum
1258 898 1428 976 nostreque
1448 894 1534 960 curie
1554 892 1672 960 ibidem
1693 909 1852 960 omassum
1874 899 1908 959 et
1926 894 1987 962 ire-

440 991 603 1076 qaenciam
625 991 811 1076 populorum
831 990 952 1074 placuit
972 990 1073 1073 nobis,
1094 999 1132 1058 nt
1152 994 1185 1059 in
1208 994 1276 1078 ipso
1298 993 1411 1080 Lubyn
1429 992 1471 1061 ab
1485 995 1640 1062 mironis
1661 993 1898 1077 quibuscunque
1911 993 1988 1064 locis

440 1092 547 1161 omnia
565 1093 769 1160 mercimonio
789 1092 875 1160 licite
895 1111 932 1160 ac
953 1092 1051 1160 libere
1071 1096 1289 1163 venderentur.
1334 1094 1532 1179 Quapropter
1553 1114 1592 1162 ex
1614 1113 1698 1162 nuno
1719 1095 1889 1162 statuimus
1910 1096 1987 1166 dan·

440 1200 490 1264 tes
511 1193 664 1262 universis
685 1192 726 1260 de
746 1194 868 1262 cunctis
889 1194 966 1262 locis
989 1196 1023 1262 in
1051 1195 1163 1282 Lubyn
1192 1217 1263 1265 oum
1288 1198 1355 1264 suis
1387 1197 1480 1264 rebus
1512 1196 1761 1279 advenientibus,
1793 1202 1828 1264 et
1855 1197 1989 1267 maxime

440 1294 619 1365 bominibus
639 1295 805 1378 adipsum
828 1297 1054 1366 monasterium
1083 1299 1308 1382 spectantibus,
1336 1298 1476 1366 omnium
1505 1317 1611 1371 rerum
1640 1316 1771 1366 suarum
1798 1298 1988 1381 generaliter

440 1396 566 1483 plenam
589 1404 623 1466 et
649 1397 860 1464 omnimodum
887 1398 1041 1467 vendendi
1065 1401 1242 1469 sternendi
1270 1407 1423 1485 perpetuo
1450 1399 1634 1468 mediatem
1663 1400 1795 1484 singuiis
1818 1398 1929 1467 diebus
1958 1408 1991 1469 et

442 1500 590 1585 precipue
610 1497 720 1566 diebus
743 1499 906 1566 dominicis
927 1507 961 1567 et
981 1500 1102 1569 festivis
1123 1509 1157 1569 et
1177 1503 1211 1570 in
1232 1501 1527 1586 sollempnitatibus,
1549 1501 1637 1568 nullo
1658 1502 1727 1570 iure
1745 1500 1893 1569 obstante
1907 1502 1991 1569 cirili

442 1618 499 1669 seu
520 1600 762 1670 oestefflnorum
783 1602 832 1669 voi
854 1601 991 1671 iudicum
1012 1609 1069 1670 aut
1090 1603 1270 1672 officialium
1292 1609 1482 1684 nostrorum,
1512 1609 1751 1686 ceterorumque
1779 1602 1991 1687 cuiuscunque

443 1701 634 1772 condicionis
652 1701 770 1771 fuerint
790 1704 856 1771 sive
876 1704 1051 1788 dignitatis.
1089 1706 1134 1772 Et
1154 1725 1194 1773 ne
1214 1706 1286 1792 quis
1304 1711 1427 1772 statuta
1447 1709 1557 1772 nostra
1575 1723 1656 1772 ausu
1678 1705 1845 1772 tenrermm
1865 1703 1992 1772 irritare

443 1810 501 1872 aut
521 1803 639 1872 violare
656 1822 806 1887 processu
828 1806 977 1890 temporis
1003 1815 1174 1890 presumat,
1205 1808 1239 1873 in
1266 1806 1361 1874 buius
1388 1806 1435 1873 rei
1462 1806 1656 1873 evidencianr
1683 1812 1845 1890 presentes
1866 1805 1992 1872 domino

445 1904 594 1991 woyslao
614 1904 723 1973 abbati
744 1913 778 1974 et
795 1905 946 1975 iratribus
964 1907 1042 1975 dicti
1063 1908 1193 1976 claustri
1221 1908 1365 1976 dedimus
1393 1907 1489 1992 sigiili
1516 1908 1618 1974 nostri
1647 1906 1850 1989 impressione
1877 1911 1912 1973 et
1936 1926 1993 1991 ap

443 2007 592 2094 pensione
614 2009 831 2076 communitas.
852 2008 887 2075 Si
900 2009 972 2094 quis
985 2016 1092 2077 autem
1106 2009 1164 2078 bec
1178 2009 1305 2077 decreta
1319 2015 1429 2075 nostra
1442 2009 1615 2090 violaverit,
1636 2008 1779 2074 homines
1791 2007 1993 2075 advenientes

444 2110 479 2179 in
503 2110 616 2195 Labyn
643 2112 752 2195 gracia
774 2111 966 2178 vendicionis
998 2118 1032 2179 et
1064 2112 1212 2179 sancionis
1243 2109 1455 2191 molestando,
1484 2111 1625 2194 ipsorum
1653 2110 1712 2179 eis.
1727 2127 1779 2176 res
1803 2107 1991 2177 adimendo:

444 2217 575 2299 propter
594 2213 729 2299 spolium
749 2213 910 2297 pubiicum
931 2218 965 2280 et
984 2213 1168 2281 violenciam
1189 2213 1313 2281 illatam
1333 2218 1368 2280 et
1387 2211 1507 2280 decreti
1528 2210 1630 2278 nostri
1659 2210 1871 2293 violationem,
1901 2211 1992 2278 nobis

445 2319 480 2384 et
499 2314 634 2400 posteris
655 2316 774 2382 nostris
794 2332 991 2398 ponamque
1018 2315 1202 2383 sedmdssan
1228 2313 1346 2382 dicitur
1366 2313 1434 2380 luet
1453 2320 1488 2381 et
1508 2313 1635 2380 domino
1663 2311 1772 2380 abbati
1796 2331 1911 2397 penem
1932 2329 1995 2397 que

445 2414 646 2503 pintnarlrste
666 2414 784 2484 dieitur
804 2414 906 2484 solvet
927 2416 1120 2500 temporibus
1141 2416 1312 2485 duraturis.
1345 2417 1462 2483 Actum
1482 2422 1516 2482 et
1536 2413 1647 2482 datum
1668 2413 1702 2480 in
1721 2413 1835 2498 Lubyn
1865 2415 1899 2481 in
1926 2434 1996 2483 era·

446 2516 531 2586 atino
544 2515 730 2585 Natiuitatis
744 2517 835 2586 beate
849 2518 978 2601 virginis
996 2517 1098 2586 Maris
1119 2534 1201 2585 anno
1219 2517 1348 2585 Domini
1368 2514 1589 2598 ldccxloll,
1610 2516 1810 2600 presentibus
1830 2515 1910 2583 hiis:
1932 2514 1996 2582 Bo·

445 2618 564 2704 gurnilo
582 2618 721 2704 palatino
742 2618 958 2702 Poznauiensi,
980 2618 1152 2688 Domamto
1172 2619 1284 2702 iudice,
1307 2618 1453 2687 Scedrioo
1474 2606 1646 2686 castellano
1667 2618 1708 2686 de
1729 2617 1848 2702 Gririn,
1869 2617 1996 2686 ldrtbia

446 2719 600 2805 scriptore
620 2725 729 2789 nostro
748 2726 782 2789 et
801 2720 873 2788 aliis
894 2739 990 2805 quarn
1010 2720 1156 2806 piurimis
1176 2719 1238 2789 lide
1258 2721 1370 2806 dignis

551 2923 748 3007 nonnemo,
769 2928 808 2989 a
831 2927 932 2991 rura
967 2923 1085 3006 crium
1104 2928 1254 3006 mmmm

1118 3220 1192 3307 Nr.
1224 3217 1324 3308 236.

392 3524 397 3531 .
428 3522 431 3526 Δ
542 3413 709 3500 homil
736 3417 813 3499 dlix
839 3414 988 3499 Poloiliti
1014 3422 1148 3498 1242
1175 3440 1205 3501 s.
1231 3418 1278 3519 (1.,
1304 3418 1348 3500 ln
1373 3415 1536 3519 Paduam
1564 3440 1697 3503 renovat
1721 3434 1920 3519 privilmium
1944 3452 1998 3501 su·

450 3553 507 3620 per
527 3534 675 3604 dbertaoe
695 3536 869 3604 incolarum
890 3538 1072 3605 monasterii
1087 3538 1140 3605 de
1166 3539 1270 3607 Lubin
1299 3537 1340 3607 ab
1362 3539 1429 3607 avis
1446 3543 1481 3604 et
1500 3543 1594 3622 patre
1614 3555 1672 3605 suo
1694 3556 1887 3620 eoncessum,
1914 3537 1999 3604 siliis

450 3655 576 3724 quoque
595 3646 630 3707 et
651 3636 829 3705 bominibus
850 3637 988 3706 eiusdem
1006 3641 1190 3709 monasterii
1211 3658 1307 3710 novas
1326 3640 1543 3708 immunitates
1561 3640 1704 3725 largitur.

558 3743 755 3821 temps
782 3746 900 3821 orpptn.
929 3747 1153 3825 potnicrdzorrp
1173 3764 1287 3825 przcz:
1312 3742 1447 3813 Premisl
1469 3742 1595 3810 secund.
1622 3743 1689 3810 dux
1713 3741 1843 3810 Polouie
1866 3739 1950 3807 lest
1971 3759 1998 3808 s

450 3839 494 3926 Q
517 3840 835 4026 emm
860 3947 965 4009 soma
982 3949 1077 4022 ‚Arca
1100 3948 1197 4014 rora
1218 3950 1273 4014 m.
1295 3951 1327 4014 s.

354 4222 356 4226 ,
553 4147 592 4218 n
612 4149 739 4217 nomme
759 4149 886 4216 nomm
906 4157 940 4218 er
957 4150 1115 4219 musone
1136 4150 1301 4220 remam
1321 4169 1423 4218 men.
1468 4148 1550 4219 om
1574 4149 1680 4219 norm
1705 4151 1750 4218 m
1771 4150 1924 4220 mamm
1944 4151 2001 4218 ro

452 4250 573 4320 minum
594 4257 627 4320 et
645 4251 823 4319 bominibus
836 4253 903 4318 dies
918 4253 1057 4320 crastina
1077 4255 1121 4320 sit
1142 4253 1277 4336 incerta,
1299 4254 1418 4338 scripta
1440 4251 1640 4323 commendari
1662 4259 1802 4335 oportet,
1824 4258 1862 4319 ut
1879 4271 1918 4320 ea
1939 4271 2002 4336 que

452 4353 683 4424 rationabiliter
703 4360 840 4438 aguntur
865 4355 899 4421 in
922 4361 1062 4440 tempore
1092 4374 1131 4423 ne
1159 4362 1218 4423 aut
1246 4353 1401 4422 oblivione
1427 4361 1573 4438 pereant,
1603 4354 1653 4422 vei
1680 4374 1788 4421 eorum
1814 4354 1869 4439 qui
1900 4352 2003 4421 lucem
2126 4422 2128 4424 ,

452 4453 596 4523 veritatis
617 4454 775 4522 interdurn
796 4456 917 4522 malitie
939 4456 1076 4524 tenebris
1106 4456 1262 4524 oblivione
1283 4457 1436 4540 gestiunt,
1455 4463 1680 4525 reducuntur.
1725 4455 1881 4524 Noverint
1905 4455 2003 4540 igitur

453 4562 615 4643 presentes
636 4562 669 4623 et
688 4556 798 4638 futuri,
820 4556 903 4641 qnod
925 4576 983 4624 nos
1003 4558 1137 4625 Premisl
1159 4558 1218 4626 liei
1239 4559 1343 4643 gratia
1370 4558 1435 4624 dux
1457 4559 1596 4640 Polonie,
1617 4558 1724 4625 divino
1743 4577 1851 4626 amors
1871 4575 1926 4626 cor
1946 4577 2003 4626 no·

452 4664 556 4729 suum
577 4657 801 4743 perlustrante,
825 4677 896 4726 eum
917 4658 1156 4742 deliberacione,
1178 4660 1330 4728 baronum
1359 4668 1540 4728 nostronuu
1562 4662 1602 4728 de
1628 4661 1785 4728 communi
1814 4660 1945 4728 oonsilio
1969 4667 2005 4728 et

453 4759 582 4842 auxilio,
603 4758 645 4828 ad
666 4760 849 4844 petitionem
870 4761 978 4828 dilecti
999 4762 1175 4846 cappellani
1197 4763 1297 4829 nostri
1319 4762 1437 4830 domini
1459 4762 1584 4831 ileclini
1613 4760 1737 4829 abbatis
1754 4761 1792 4829 ‘et
1812 4760 2004 4843 conventus,

453 4862 651 4950 privilegium
672 4880 768 4946 snper
786 4863 933 4931 libertate
955 4881 1086 4931 auorum
1108 4871 1286 4932 nostrorum
1312 4869 1346 4930 et
1367 4864 1469 4948 patris
1498 4863 1599 4931 nostri
1620 4863 1751 4930 ecclesie
1771 4868 1882 4932 saneta
1902 4863 2005 4933 Maris

358 5016 362 5023 .
453 4964 488 5033 ln
509 4964 626 5046 Lubin,
652 4963 804 5033 iratribus
825 4965 951 5032 Ordinis
972 4968 1075 5034 sancti
1096 4966 1259 5035 Benedicti
1281 4966 1474 5050 temporibus
1495 4965 1612 5033 nostris
1633 4981 1784 5034 renovare
1810 4964 2005 5048 studuimus;

453 5065 645 5136 addicientes
666 5067 808 5152 predicte
830 5069 959 5162 ecclesie
980 5075 1015 5137 et
1034 5069 1179 5137 omnibus
1199 5069 1282 5135 villis
1310 5068 1350 5135 orl
1374 5087 1444 5136 earn
1467 5067 1699 5154 pertinentibus
1725 5075 1759 5136 et
1782 5068 1928 5137 omnibus
1949 5068 2005 5136 bo·

455 5168 602 5253 minibus,
624 5177 690 5238 tunr
711 5170 819 5239 liberis
840 5189 937 5256 quam
963 5172 1102 5254 eeclesia,
1136 5190 1191 5241 eas
1218 5170 1460 5257 possidentibus,
1492 5170 1711 5281 perfectiorem
1736 5176 1770 5238 et
1795 5169 2007 5242 omnimolnn
