4574 6240
2049 335 2097 414 35

1235 549 1310 635 Nr.
1343 545 1413 637 30.

652 751 855 845 celestinus
880 746 944 850 Pp.
971 744 1036 827 III
1063 750 1187 829 1192
1215 744 1303 849 Api.
1331 750 1376 843 9,
1407 743 1599 844 Laterani3
1637 759 1804 827 corriirmot
1835 760 1876 826 ad
1913 761 2099 844 petitionem

553 877 712 961 lurrslicti
733 868 872 957 episcopi
893 866 1117 933 Pornonierrsis
1138 864 1291 932 iratribus
1311 865 1555 933 lerosolimitani
1570 862 1746 948 Hospitalis
1764 861 1890 928 domurn
1913 863 2101 948 hospitalem

552 987 634 1077 apud
654 972 780 1048 Poznuri
802 988 873 1037 eum
892 968 1102 1052 pertinentiis,
1125 986 1204 1051 quos
1227 967 1333 1055 blesen
1354 967 1419 1034 dux
1439 966 1588 1034 Poloniae
1610 963 1727 1031 eisdem
1742 961 1895 1030 frutribus
1910 966 2098 1034 contulerat

654 1089 764 1159 Prope
809 1076 926 1138 Arellio.
947 1077 1079 1151 priorut.
1114 1073 1217 1136 Ordior.
1241 1076 1329 1150 eprril.
1360 1075 1506 1135 Melilmr.
1543 1073 1642 1148 Kopia
1673 1088 1700 1130 ro
1732 1072 1868 1147 :eszpcie
1897 1073 2102 1150 papleroupm

553 1200 603 1263 pe:
621 1187 756 1272 Murrio
778 1175 906 1249 r'rddfa,·
927 1179 1023 1254 pisino
1044 1177 1079 1237 X
1084 1176 1172 1238 VIII
1189 1177 1293 1238 wislae.

652 1382 827 1457 celestinus
846 1378 1011 1462 spiscopus
1033 1394 1143 1442 servus
1164 1393 1325 1443 servorum
1348 1375 1423 1457 Dei,
1445 1375 1570 1442 dilectis
1590 1374 1665 1441 filiis
1685 1373 1784 1458 priori
1805 1379 1839 1440 et
1859 1371 2013 1441 frutribus
2034 1367 2111 1459 rm.

552 1482 781 1575 erosolymilani
818 1479 995 1562 Hospitalis
1026 1477 1163 1545 sslulem
1189 1483 1222 1544 et
1248 1477 1454 1561 apostolicam
1480 1475 1738 1543 benedictionem.
1782 1472 1927 1541 Iunotuit
1952 1476 2042 1543 nobis
2063 1495 2103 1543 ex

552 1593 665 1668 litteris
686 1582 847 1655 reverendi
868 1582 902 1647 iu
924 1578 1051 1647 Christo
1073 1579 1130 1645 lilii
1152 1581 1255 1646 nostri
1281 1579 1326 1646 M.
1354 1578 1468 1645 nobilis
1496 1577 1557 1643 viri
1583 1578 1718 1644 illustris
1744 1577 1833 1643 ducis
1855 1577 1995 1660 Polonie,
2017 1578 2103 1662 quod

553 1716 622 1768 eum
643 1686 829 1774 hospitalem
850 1684 978 1750 domum
1000 1682 1090 1748 iuxta
1111 1682 1271 1748 eisitnlem
1293 1671 1539 1748 Poznsniensem
1561 1679 1601 1747 de
1625 1680 1762 1764 propriis
1789 1679 1879 1746 bonis
1905 1698 1977 1747 cum
1999 1680 2103 1747 lindo-

554 1818 632 1870 rano
652 1790 808 1880 quondam
830 1786 930 1870 ipsius
951 1784 1090 1851 deitatis
1111 1784 1257 1867 episeopo
1279 1782 1499 1855 construxerit,
1521 1787 1558 1847 ut
1587 1780 1702 1847 ibidem
1729 1799 1884 1865 pauperes
1910 1783 2105 1866 recipientur

554 1911 587 1974 et
607 1902 652 1969 eis
673 1897 827 1976 (sanson)
853 1889 970 1956 solatis
995 1888 1225 1967 ministrentur,
1254 1886 1294 1953 ad
1320 1886 1505 1971 petitionem
1531 1884 1570 1951 B.
1598 1901 1682 1950 nune
1709 1883 1849 1949 eiusdem
1878 1883 1940 1950 loei
1965 1885 2106 1968 episcopi

554 2003 681 2074 andem
705 1998 833 2064 domum
859 2009 931 2057 eum
956 1990 1022 2056 suis
1043 1989 1245 2073 pertinenciis
1268 1987 1359 2055 uobis
1384 1988 1503 2055 intuitu
1528 1986 1705 2053 divinitatis
1731 1985 1895 2066 conoessit,
1925 1990 1960 2051 et
1985 1986 2105 2068 scripto

555 2101 734 2177 authentico
767 2093 973 2164 conmmanit.
1029 2091 1079 2159 Ne
1099 2093 1198 2176 igitur
1219 2110 1314 2175 super
1333 2091 1405 2173 ipss
1425 2089 1518 2156 dumo
1538 2087 1668 2172 possitis
1689 2087 1868 2154 molestiam
1888 2093 2002 2154 contre
2018 2085 2106 2153 debi-

556 2217 622 2276 tum
643 2201 806 2279 sustinere,
828 2197 931 2280 ipsam
954 2212 1026 2261 cum
1046 2193 1191 2261 omnibus
1212 2193 1342 2259 decimis
1363 2199 1397 2258 et
1411 2190 1483 2259 aliis
1505 2189 1708 2275 pertiommis
1728 2190 1806 2271 suis,
1825 2190 1910 2256 sicut
1929 2206 1985 2257 eus
2008 2189 2107 2255 retio-

556 2307 699 2379 asbiliter
719 2306 752 2368 et
770 2298 900 2384 pscilice
920 2295 1097 2381 possidetis,
1119 2295 1311 2363 auemntate
1332 2294 1422 2361 vobis
1451 2294 1628 2378 apostolica
1648 2291 1869 2360 confirmamus
1895 2298 1930 2359 et
1950 2293 2108 2377 presentis

556 2408 664 2495 scripti
688 2401 864 2490 patrocinio
891 2398 1127 2466 commuuimus.
1171 2396 1261 2465 Nulli
1290 2414 1365 2481 ergo
1391 2398 1519 2465 omnino
1548 2396 1709 2464 homiuum
1735 2394 1831 2462 liceat
1855 2394 1938 2463 harre
1957 2396 2107 2479 pagiuam

556 2517 661 2580 nosue
681 2501 931 2575 eonlmsuonis
951 2499 1132 2583 infringere,
1150 2498 1200 2565 vel
1221 2499 1252 2565 ei
1273 2518 1354 2566 eusu
1376 2501 1546 2567 temerario
1565 2498 1733 2565 moeurs
1772 2496 1807 2564 Si
1829 2499 1900 2580 quis
1921 2504 2030 2566 sutem
2046 2496 2106 2564 boe

557 2617 744 2695 attemptare
765 2603 1002 2692 presumpserit,
1024 2590 1271 2684 indignationem
1293 2601 1519 2685 omnipotentis
1536 2599 1598 2667 Dei
1619 2605 1654 2668 et
1670 2599 1836 2667 beatorum
1857 2598 1946 2667 Petri
1966 2604 2001 2666 et
2014 2597 2108 2666 Pauli

558 2713 768 2800 apostolorum
785 2708 853 2776 eius
874 2726 910 2775 se
930 2704 1054 2773 noverit
1074 2705 1284 2771 mensurum.
1319 2703 1437 2771 Datum
1453 2702 1605 2771 Laterum
1619 2702 1648 2770 V
1664 2702 1739 2769 Idus
1753 2702 1883 2787 Aprilis,
1904 2702 2109 2787 pontilicstus

558 2816 656 2885 nostri
676 2831 760 2882 auno
781 2810 824 2878 IL
2084 2839 2086 2843 ν

1239 3104 1314 3193 Nr.
1346 3101 1416 3194 31.

570 3369 573 3376 ·
661 3319 865 3404 Gilssiinus
891 3317 955 3424 Pp.
981 3318 1047 3402 ΠΙ
1081 3303 1203 3402 1198
1231 3318 1318 3424 Api.
1338 3324 1382 3418 8,
1399 3320 1590 3424 Iusisrbni3
1609 3337 1743 3423 suscipit
1764 3338 1989 3407 monasterium
2007 3337 2111 3409 suncti

562 3439 717 3508 vincentii
734 3440 775 3507 de
796 3439 956 3507 Wrocias
978 3440 1037 3506 sub
1058 3441 1287 3524 protectionem
1307 3439 1339 3507 b.
1361 3440 1464 3525 Petri,
1491 3447 1526 3509 et
1546 3442 1774 3526 possessionem
1795 3442 1936 3510 omnium
1956 3439 2110 3511 bonorum

561 3543 660 3611 eidem
679 3561 897 3611 ooncoesorum
919 3541 1093 3609 confirmat

662 3649 715 3711 Fr.
734 3645 936 3711 memsuis:
954 3648 1032 3710 Καὶ.
1055 3649 1207 3725 diplomat.
1237 3648 1421 3726 Mofopolslti
1442 3665 1517 3726 pop.
1539 3648 1592 3712 60.
1637 3648 1681 3725 (Z
1695 3666 1836 3728 pergam.
1858 3651 1983 3728 argoris,
2004 3666 2027 3710 u
2044 3646 2111 3712 feld·

561 3766 633 3825 repo
653 3738 696 3812 aa
712 3754 831 3826 parmis
850 3753 915 3812 aiei
926 3751 1121 3828 jedoobnyeb
1142 3767 1247 3813 mem.
1269 3753 1281 3813 i
1300 3748 1374 3812 idel.
1397 3755 1625 3829 promissorio
1655 3751 1751 3814 luds:
1773 3748 1952 3815 Gelestinm
1972 3747 2029 3833 Pp.
2051 3747 2111 3815 111.

563 3852 645 3929 unp
664 3849 772 3927 feriore,
799 3870 840 3931 po
863 3849 988 3930 mosodj
1011 3854 1141 3930 podpiru
1175 3853 1331 3930 Geleslyao
1355 3854 1500 3929 Popisfo,
1532 3854 1635 3931 Χηνὶ
1662 3872 1690 3914 oo
1708 3853 1898 3932 pierfoieniu
1922 3874 1941 3916 z
1966 3856 2113 3917 mesen

566 3951 696 4029 nepem
728 3955 740 4016 f
767 3956 910 4039 horode·
935 3971 979 4031 po
1008 3950 1095 4030 fero&
1114 3973 1142 4014 ro
1170 3957 1384 4032 memoresne:
1414 3951 1501 4018 Bene
1521 3951 1634 4019 solete.
1672 3957 1777 4019 Prud
1794 3958 1949 4034 podpirem
1976 3957 2114 4034 eosdm

563 4068 582 4112 z
603 4051 763 4117 infodies
781 4057 865 4118 mole
885 4075 913 4116 ro
930 4057 1041 4133 formis
1061 4057 1188 4136 laragia,
1206 4073 1249 4134 po
1274 4058 1415 4134 podpisie
1434 4074 1473 4120 ee.
1492 4059 1572 4136 czplf
1591 4054 1789 4140 subscripsi.)
2011 4058 2013 4062 ’

665 4254 842 4324 celestinus
862 4258 1028 4343 episeopus
1054 4277 1162 4326 servus
1183 4277 1345 4326 servorum
1363 4258 1437 4340 Dei,
1465 4259 1590 4326 dilectis
1611 4259 1685 4326 filiis
1708 4259 1858 4344 Cipriano
1883 4259 1992 4328 sbbsti
2013 4262 2116 4328 suncti

564 4348 721 4423 vincentii
743 4357 783 4426 de
804 4359 1001 4428 Vrstislavia
1025 4362 1155 4444 eiusque
1181 4360 1335 4428 fratribus
1359 4368 1425 4428 tem
1452 4362 1650 4446 presentibus
1675 4381 1771 4446 quom
1798 4362 1914 4429 futuris
1939 4365 2116 4448 regularem

565 4453 661 4522 litam
681 4459 844 4544 professis,
874 4463 908 4528 in
934 4468 1132 4546 perpetuum.
1180 4463 1372 4546 Religiosam
1400 4465 1498 4530 ritum
1525 4463 1712 4547 eligentibus
1740 4465 1950 4549 apostolicum
1972 4465 2117 4532 convenit

564 4552 674 4624 adosse
694 4563 875 4646 presidium,
897 4583 938 4631 ne
958 4562 1041 4631 forte
1062 4564 1231 4632 cuiuslibet
1254 4566 1442 4632 temeritatis
1461 4566 1606 4632 incursus
1621 4573 1680 4634 eut
1692 4586 1783 4652 ecee
1796 4569 1959 4653 proposito
1980 4572 2116 4648 revocet,

565 4663 622 4721 aot
643 4660 746 4745 robur,
769 4667 853 4749 quod
874 4665 968 4748 sbsit,
990 4685 1080 4732 scere
1101 4667 1261 4750 religionis
1287 4668 1448 4751 infringat
1492 4667 1672 4753 Eapropter
1697 4669 1805 4737 dilecti
1828 4672 1861 4736 in
1887 4670 2022 4737 Domino
2048 4668 2119 4750 ilii,

566 4763 677 4827 restris
698 4765 791 4833 iustis
812 4768 1078 4853 postulationibus
1100 4769 1271 4835 elementer
1292 4772 1460 4836 annuimus
1482 4776 1516 4837 et
1535 4771 1692 4854 prefatam
1713 4773 1817 4839 sancti
1839 4771 1999 4840 vincentii
2020 4770 2120 4838 eoele-

567 4858 797 4953 dumisque
815 4871 922 4938 divino
944 4872 1115 4956 munciputi
1138 4871 1215 4936 estis
1237 4870 1397 4955 obsequio,
1424 4871 1484 4938 sub
1511 4871 1596 4939 beuti
1621 4874 1710 4940 Petri
1735 4881 1770 4942 et
1790 4881 1902 4942 nostru
1922 4874 2120 4959 profectione

567 4965 752 5049 suscipimus
773 4978 807 5039 et
827 4975 983 5058 presentis
1004 4975 1115 5058 scripti
1136 4974 1300 5058 privilegio
1322 4976 1563 5041 communimus:
1587 4977 1619 5041 in
1635 4977 1746 5060 primis
1760 4977 1915 5061 siquidem
1929 4981 2117 5057 statuentes,

567 5070 604 5126 nt
624 5068 708 5136 Ordo
727 5076 897 5143 eanonicus
919 5077 974 5158 qui
995 5076 1166 5142 secundum
1188 5075 1289 5141 Deum
1311 5082 1344 5142 et
1366 5077 1452 5144 beati
1470 5079 1640 5160 Augustini
1666 5080 1808 5162 regulam
1827 5086 1924 5160 otpue
1945 5079 2121 5146 institutio-

569 5178 637 5273 ‚⁰⁰¹⁰
660 5169 998 5246 Promonstratcnsium
1019 5177 1156 5244 fratrum
1178 5178 1210 5243 in
1237 5179 1346 5244 eodem
1372 5178 1442 5245 loeo
1467 5179 1635 5246 institutus
1661 5198 1730 5247 esse
1751 5181 1937 5261 dinoscitur,
1959 5180 2121 5265 perpetuis

569 5263 681 5338 ubils-m
704 5281 896 5363 temporibus
919 5280 1142 5350 inviolabiliter
1159 5280 1353 5349 obervetur.
1397 5282 1557 5366 Prctcrea,
1579 5300 1783 5367 quascunque
1803 5283 2026 5367 possessiouem,
2045 5300 2122 5366 que·

1912 5400 1949 5459 3·
