4574 6240
611 242 701 319 202.

609 445 834 524 restauratum,
856 440 971 509 infirmi
993 441 1099 509 cuncti
1119 439 1359 508 elemosinarum
1382 439 1566 523 indigentes,
1588 456 1652 506 aaa
1674 443 1828 523 raptores,
1854 456 1918 507 uon
1942 439 2083 527 violenti,
2105 451 2158 522 ‹la'

609 544 686 611 bont
707 563 766 630 pro
786 544 940 612 facultate
960 543 1072 610 dumus
1092 543 1238 610 recremi.
1282 542 1390 626 Aliqui
1412 541 1511 608 eciam
1533 541 1671 609 scolares
1692 557 1846 626 pauperes
1868 541 1984 611 ibidem
2010 551 2158 625 teuchus.

611 651 664 713 tur
690 645 846 714 confoveri
873 647 905 712 in
931 645 1085 729 expensis,
1107 662 1171 710 non
1192 643 1225 709 ia
1248 643 1453 724 assumentis,
1475 662 1514 710 ex
1536 643 1700 710 voluntate
1726 644 1870 727 magistri
1897 644 2072 729 hospitalis.
2116 655 2159 730 Ep

610 749 687 833 quia
707 750 845 834 peccatis
864 748 983 814 nastris
1002 746 1210 830 exigentibus,
1232 745 1391 812 modernis
1412 745 1445 811 ia
1460 744 1654 828 temporibus
1667 744 1854 829 frigescente
1869 745 2035 817 charitatis
2049 752 2083 821 in
2096 761 2158 828 ter.

611 850 657 918 ris
678 851 825 935 igniculo,
844 851 955 934 plures.
972 848 1176 916 insumuntur
1192 848 1352 915 invasores
1374 847 1536 915 domorum
1565 847 1778 930 spiritualium
1808 867 1903 933 quam
1925 849 2085 923 minares
2104 877 2158 931 sen

610 952 798 1028 defensores,
821 970 878 1019 uos
900 951 934 1018 iu
952 951 1002 1017 his
1024 969 1086 1035 que
1108 949 1149 1018 ad
1171 950 1314 1017 laicalem
1336 968 1464 1018 manum
1486 951 1656 1034 pertinent,
1676 950 1821 1017 domiuus
1834 956 1941 1019 autern
1956 953 2159 1041 archiepisco-

610 1074 671 1140 pus
693 1057 725 1121 in
747 1053 964 1138 spiritualibus
986 1071 1057 1122 cum
1079 1071 1137 1120 sua
1159 1052 1317 1136 capitolo,
1340 1057 1492 1136 tanquam
1514 1051 1580 1118 reri
1601 1051 1733 1118 heredes
1759 1053 1903 1120 volumus
1931 1070 2001 1121 esse
2022 1055 2159 1132 ddenso.

609 1173 671 1225 res.
715 1159 832 1224 Actum
852 1173 935 1223 anno
952 1155 1058 1240 gracie
1075 1153 1291 1223 dochum
1313 1153 1346 1220 in
1367 1153 1501 1220 ecclesia
1521 1152 1654 1236 predicti
1676 1152 1843 1238 hospitalis
1864 1156 1897 1222 in
1917 1155 2050 1226 Gnaua
2063 1159 2097 1226 ia
2110 1163 2159 1234 die

610 1257 696 1327 beati
717 1257 867 1340 Fladani,
888 1256 1088 1342 presentibus
1109 1255 1171 1322 hiis
1192 1255 1343 1323 testibus:
1363 1255 1490 1322 domino
1511 1254 1651 1321 Iohanne
1672 1254 1801 1338 decano,
1823 1255 2004 1323 christiana
2023 1264 2159 1347 emtouo,

611 1360 749 1443 huma,
770 1360 902 1442 Thomu,
924 1358 1086 1441 Stephano
1107 1357 1293 1424 cancellans
1315 1355 1415 1436 ducis,
1433 1355 1604 1422 Vincencio
1625 1360 1660 1423 et
1679 1354 1776 1424 Petra
1796 1355 1898 1425 trahe
1917 1357 1997 1440 eius,
2024 1358 2109 1429 Isaia
2128 1373 2161 1434 ct

596 1461 707 1529 ¹Petro
729 1460 887 1530 eunomus
908 1457 1145 1527 Guezneusibus
1166 1462 1200 1524 et
1220 1456 1363 1540 pluribus
1385 1456 1457 1524 aliis
1483 1456 1642 1524 mnonicis
1664 1462 1699 1524 et
1723 1457 1860 1541 vicanis
1889 1464 1923 1525 et
1949 1458 2012 1527 hiis
2038 1460 2160 1534 baroni.

612 1563 685 1631 bus:
707 1562 883 1649 &panida
905 1561 1087 1640 Dirsicraio,
1106 1559 1257 1644 palatinis
1278 1558 1427 1639 Paionie3
1450 1556 1601 1626 Gecirado
1629 1557 1803 1627 castellam
1828 1559 2019 1643 cremensi,
2044 1562 2161 1637 Thomu

612 1666 785 1735 castellano
806 1663 1024 1746 Poananiensi,
1047 1661 1221 1728 Mmmato
1238 1659 1341 1727 iudice
1355 1666 1390 1727 et
1403 1659 1475 1726 aliis
1488 1659 1634 1744 pluribus
1655 1660 1824 1743 militibus3
1846 1660 1999 1730 iratribus
2020 1662 2161 1736 Prodicu-

614 1767 734 1837 toribus
755 1766 892 1850 Georgia
913 1772 947 1834 et
964 1765 1070 1846 Petro,
1093 1764 1248 1845 inungo,
1270 1760 1386 1845 qubus
1405 1760 1617 1828 mediantibus
1638 1761 1697 1829 hec
1717 1761 1803 1831 tacta
1823 1763 2059 1848 dignoscantur.
2095 1768 2162 1840 ileo

611 1876 718 1939 autem
739 1875 816 1938 suut
836 1867 910 1936 ville
931 1866 1098 1952 hospitalis
1119 1863 1227 1932 isuus:
1250 1862 1417 1931 Zdechosa
1435 1879 1507 1930 cum
1527 1863 1594 1930 suis
1612 1864 1771 1948 ascriptis,
1792 1864 1944 1949 Leucaro,
1971 1865 2161 1955 Ohemelino,

610 1972 768 2041 Paulowo
790 1989 861 2040 cum
882 1969 955 2039 lacu
967 1968 1094 2036 nomiae
1107 1966 1258 2050 honera,
1280 1971 1314 2033 et
1327 1964 1472 2049 Preseca¹
1496 1964 1695 2051 Oymeilouo,
1716 1966 1838 2052 Ugasd,
1860 1968 1992 2038 ubam
2008 1969 2042 2038 io
2057 1970 2161 2059 Oleoh,

611 2081 647 2142 et
665 2065 803 2143 lelemao
824 2091 897 2142 cum
917 2072 1011 2159 pleno
1029 2071 1103 2140 hau
1129 2076 1164 2139 et
1189 2068 1367 2137 molendino
1391 2073 1426 2137 et
1454 2086 1526 2135 cum
1552 2067 1729 2137 emtoribus
1754 2070 1853 2138 libere
1878 2070 2034 2156 capiendi,
2056 2071 2161 2144 Stasln

612 2177 712 2245 eciam
726 2195 797 2244 cum
811 2175 884 2245 lacu
896 2175 1023 2242 nomine
1036 2171 1235 2241 Cubuchoso
1248 2176 1282 2239 et
1296 2189 1367 2240 cum
1380 2171 1447 2238 suis
1460 2170 1605 2239 omnibus
1618 2171 1822 2256 utilitatibus,
1843 2172 1971 2255 mnne,
1988 2173 2161 2260 comeare,

614 2282 649 2346 et
664 2277 879 2346 molendinum
899 2283 934 2345 et
954 2274 1128 2361 pomerium
1150 2279 1184 2342 et
1198 2292 1295 2341 auum
1316 2292 1428 2358 agrum
1449 2275 1534 2343 circa
1553 2274 1728 2360 pomerium
1750 2282 1785 2344 et
1804 2276 1889 2344 circa
1902 2276 2068 2362 hospitale
2096 2278 2163 2348 Hec

612 2386 689 2450 sunt
708 2379 783 2448 ville
802 2398 865 2467 pue
886 2384 1017 2464 excepte
1037 2382 1114 2446 sant
1130 2378 1166 2445 in
1183 2395 1279 2444 unam
1304 2376 1461 2459 nomam,
1487 2394 1550 2460 que
1578 2376 1678 2445 libere
1705 2383 1799 2446 sunt:
1831 2377 1982 2462 Karrino,
2015 2380 2161 2465 Preselra,

612 2483 763 2567 lacessat,
784 2482 967 2558 Zdechosa,
990 2477 1120 2564 Ugasd:
1139 2480 1188 2547 ita
1209 2477 1294 2564 quod
1315 2484 1481 2547 senatores
1501 2478 1669 2547 cuiuslibet
1689 2477 1785 2548 oflicii
1805 2499 1870 2548 noa
1882 2482 2086 2566 recipiantur,
2106 2503 2163 2553 uec

590 2580 706 2655 ,unffi
726 2588 853 2653 naeuos
874 2587 1019 2670 pascam,
1041 2597 1144 2665 neque
1164 2579 1351 2665 podrodon
1371 2579 1459 2661 dent,
1481 2579 1531 2648 ab
1544 2581 1629 2648 omni
1647 2581 1848 2667 expedicione
1859 2589 1894 2651 et
1906 2587 2083 2652 cuborum
2095 2603 2162 2653 ma·

612 2689 746 2771 melone,
778 2693 814 2755 et
846 2684 888 2754 ab
919 2683 1064 2754 omuibus
1095 2682 1168 2753 aliia
1200 2679 1419 2752 meconites
1450 2688 1485 2751 et
1511 2681 1724 2752 solucionibas
1752 2702 1808 2754 eas
1835 2685 1979 2754 totaliter
2024 2689 2027 2697 '
2085 2687 2093 2705 ⁹
2125 2705 2163 2756 us
2249 2727 2251 2732 -

612 2789 784 2860 obolatas
2034 2834 2036 2837 -

713 2990 881 3078 ueprius
901 2990 970 3062 seu
998 2989 1153 3077 spana
1180 2992 1235 3054 aaa
1262 3010 1358 3058 aa.
1396 2990 1620 3072 musmo.
1670 2953 1912 3074 nemanso,
1938 2995 1977 3059 a
2006 2992 2158 3060 mea.

615 3095 788 3179 Zdechosa,
812 3098 1017 3162 lumem
1060 3094 1211 3174 mucoso,
1232 3095 1387 3161 wdone.
1411 3092 1602 3177 chemelino,
1627 3097 1762 3161 roseae.
1805 3093 1973 3177 Paulowo,
2003 3098 2161 3162 mono.

613 3197 757 3280 Pressas,
779 3201 957 3280 madata
1001 3195 1202 3280 cyndtowo,
1228 3200 1398 3262 Cictiraosoc.
1442 3194 1563 3280 Ugasd,
1589 3199 1696 3276 dbhzd
1741 3195 1848 3278 (lieth,
1876 3199 1984 3263 Black.
2027 3195 2163 3264 tolenno

614 3306 795 3384 conplere
823 3290 1704 3380 haudmateadiaamtcpdylpenaieooadanadn.
1732 3300 2163 3380 chraupobtitumiuatu

595 3405 744 3484 'Beria
766 3403 834 3468 dzit
853 3405 972 3468 nabla
1015 3399 1135 3482 Stasin,
1156 3400 1283 3482 lemae,
1304 3405 1356 3467 aie
1368 3402 1579 3482 odam>
1608 3399 1789 3483 caniacus,-
1808 3403 1989 3468 ductim·
2014 3399 2162 3480 nunno,

439 3514 495 3544 '0
572 3493 973 3586 immaduerant,
994 3492 1186 3584 latim.

1226 3905 1230 3913 Ι
1283 3795 1360 3887 Nc.
1390 3792 1491 3886 239.

716 3994 830 4078 l'uloo
855 4013 886 4076 a.
912 3991 1110 4076 daemona.
1137 3992 1288 4076 cadule
1324 3994 1584 4099 amhiepisoop.
1616 3999 1676 4078 12
1693 4051 1731 4077 ..
1760 3995 1896 4098 aaut,
1926 3994 1969 4079 in
2002 3993 2162 4092 duanam

612 4118 818 4201 protestatur,
841 4112 1039 4180 Premislium
1060 4112 1171 4180 duaa·
1193 4112 1343 4182 Poloniae
1362 4114 1488 4182 dedisse
1508 4115 1671 4200 capellano
1692 4115 1734 4183 de
1754 4103 1822 4182 Zdh
1836 4115 1906 4183 loeo
1919 4103 2110 4183 decimarum
2123 4110 2162 4177 de

614 4215 692 4285 villa
711 4215 874 4298 Kamnieo,
896 4233 976 4299 quas
995 4216 1187 4282 monasterio
1206 4214 1247 4282 de
1266 4215 1377 4283 helim
1399 4236 1457 4300 pro
1485 4216 1562 4285 uilla
1586 4218 1727 4285 atumem
1751 4218 1946 4299 monasterii,
1974 4218 2062 4287 dicta
2079 4214 2162 4280 Wie-

612 4320 748 4401 menica,
770 4318 957 4401 contulerat
976 4318 1129 4402 quosdam
1150 4337 1244 4402 agros
1261 4319 1412 4386 ecclesiae
1429 4319 1471 4386 de
1488 4308 1557 4387 Zdh
1577 4320 1757 4388 mutantes
1778 4325 1812 4388 et
1825 4319 1980 4405 quaedam
1993 4320 2059 4388 alia
2071 4315 2160 4385 bona

724 4423 915 4506 ewam
960 4424 1077 4486 aas.
1100 4426 1284 4487 masma
1327 4426 1529 4488 mimum
1545 4422 1633 4487 aum
1652 4444 1728 4505 pop.
1749 4427 1803 4490 so.

596 4650 598 4654 ·
716 4623 755 4691 ln
783 4624 909 4692 nomiae
932 4623 1059 4691 Domini
1090 4642 1191 4691 amen
1236 4624 1303 4692 Nos
1327 4624 1424 4693 Falco
1453 4625 1514 4692 Dei
1539 4627 1647 4711 macie
1673 4633 1783 4695 macte
1812 4627 2006 4696 Gnaeum
2034 4624 2162 4694 eoelesic

614 4727 877 4812 archiepiscopus,
899 4727 1053 4794 universis
1079 4726 1281 4794 ecclesiarum
1309 4727 1486 4795 rectoribus
1515 4731 1690 4815 ceterisque
1718 4727 1839 4797 Christi
1863 4729 2009 4798 fidelibus
2035 4741 2162 4814 presens

615 4830 769 4915 scriptum
789 4829 978 4913 inspecturis
1000 4828 1033 4894 in
1055 4828 1115 4895 Dei
1137 4829 1219 4896 Filio
1240 4831 1380 4914 madum
1401 4836 1435 4899 et
1456 4832 1605 4899 sobmon
1637 4833 1791 4912 Quoniam
1805 4839 1936 4917 propter
1955 4832 2082 4901 labilem
2100 4847 2162 4895 mc·

615 4933 750 5000 muriam
772 4930 933 4997 hominum
955 4930 1134 4998 ueneranda
1155 4931 1295 4999 decrevit
1315 4933 1499 5017 antiquitas,
1522 4939 1559 5000 ut
1580 4952 1619 5001 ea
1638 4953 1702 5018 que
1723 4955 1744 5002 a
1765 4935 1963 5019 presentibus
1990 4928 2162 5002 manabi-

614 5032 689 5101 llter
707 5033 905 5114 ordinantur,
927 5031 1105 5100 futurorum
1126 5034 1275 5101 noticiam
1297 5053 1337 5101 nc
1358 5035 1521 5117 excedant,
1544 5036 1672 5102 testium
1694 5036 1924 5104 assercionihus
1943 5035 2162 5120 steigillorum

616 5134 873 5218 impressionibus
901 5141 1121 5218 perconantur,
1147 5142 1315 5219 eapropter
1345 5134 1387 5202 ad
1415 5136 1631 5205 universouum
1664 5138 1814 5205 noticiam
1839 5137 1986 5206 devenire
2011 5135 2161 5221 capimus,
