4574 6240
1948 268 2023 346 218

478 503 517 555 ec
536 479 678 550 homines
698 476 908 564 probabilium
928 475 1068 544 viram
1090 474 1270 543 testimonio
1291 482 1325 544 et
1344 477 1524 544 litterarum
1548 471 1689 556 apicibus
1710 471 1914 556 perheunaro.
1956 471 2025 541 Nos

478 586 575 674 igitur
592 582 725 650 Premisl
753 582 813 650 Dei
841 581 947 666 gracia
973 581 1038 648 dux
1063 579 1192 647 Palania
1217 586 1327 647 notum
1353 598 1422 647 esse
1448 577 1593 644 volumus
1618 581 1684 642 tam
1709 575 1910 660 presentibus
1929 595 2025 661 quam

476 686 591 760 tuturis
613 685 756 752 omuibus
777 692 956 768 presentem
974 684 1120 769 paginam
1141 683 1344 767 inspecturis,
1372 682 1456 767 quod
1483 698 1587 750 comas
1615 678 1737 747 Bozata
1759 677 1843 746 iilius
1866 681 2025 764 quondam

478 788 600 863 munitis
620 787 756 854 huussii
774 786 814 854 dc
835 786 953 854 Vitzim
975 787 1016 854 de
1030 805 1088 854 sua
1101 804 1165 853 uon
1179 786 1253 853 licto
1266 786 1438 868 voluntate,
1462 783 1630 851 accalentc
1650 784 1750 850 eciam
1763 783 1857 868 plena
1872 800 2025 852 consensu

476 891 585 965 maris
605 890 656 958 sui
677 889 819 972 Mirauis,
842 894 995 974 tanquam
1017 888 1154 974 prudens
1175 889 1355 972 negociator
1376 888 1509 954 mercuri
1530 887 1638 954 volens
1659 886 1692 952 ia
1711 891 1797 953 terra
1809 885 1895 967 quod
1908 885 1942 951 iu
1956 885 2025 955 celo
2120 961 2125 969 ,

476 992 646 1086 possideat,
668 992 804 1060 eontulit
823 991 892 1058 Deo
914 998 948 1058 et
970 991 1061 1059 beata
1081 990 1183 1057 Murie
1213 989 1348 1073 gloriose
1376 989 1490 1072 virgini
1515 989 1671 1073 beatoque
1696 987 1836 1054 Martiae
1850 986 1895 1053 io
1915 987 2026 1055 Gosci·

477 1097 566 1178 cbor,
587 1113 650 1180 que
670 1100 705 1162 et
724 1093 894 1162 Paradisua
914 1092 1040 1176 dicitur,
1062 1093 1271 1161 hereditatem
1292 1108 1381 1156 suam
1402 1109 1464 1174 que
1482 1089 1606 1158 Lubrae
1625 1089 1797 1174 vulgariter
1815 1095 2025 1173 nuncupatur,

476 1199 571 1268 sitam
591 1195 683 1263 iuxta
701 1196 765 1262 mm
786 1194 979 1262 nominatam
999 1194 1126 1262 domum
1147 1192 1332 1273 Goscichov,
1354 1211 1425 1259 cam
1447 1193 1592 1260 omnibus
1620 1190 1798 1260 attinentiis
1818 1190 1884 1257 suis
1905 1198 1939 1258 at
1959 1197 2025 1260 ter·

477 1299 570 1371 ualuit
591 1298 625 1365 iu
645 1317 752 1366 veram
773 1303 808 1365 et
825 1304 1009 1381 perpetuam
1028 1297 1240 1375 elemosinam,
1263 1295 1381 1378 absque
1402 1294 1468 1361 ulla
1489 1294 1735 1362 contradictione
1756 1298 1853 1376 atque
1867 1294 1952 1360 omni
1966 1295 2026 1361 im·

478 1400 656 1489 pcdimeuto
678 1417 734 1466 seu
754 1398 945 1482 repeticione
965 1396 1102 1464 filiarum
1132 1416 1261 1463 suarum
1289 1398 1350 1463 sibi
1376 1397 1609 1464 succedentium
1638 1396 1688 1464 rel
1709 1395 1850 1463 aliarum
1876 1414 2026 1479 quorum·

450 1585 454 1595 ,
478 1518 600 1587 magua
622 1501 923 1583 consanguinearum
943 1499 1009 1564 sive
1030 1499 1244 1580 attinentium,
1259 1499 1328 1566 iure
1343 1499 1580 1567 hereditariam
1594 1503 1780 1584 perpetuum
1794 1498 2025 1582 possidendam.

478 1604 586 1676 abbas
606 1621 681 1670 vero
703 1601 890 1668 wilhelmus
913 1607 988 1667 tunc
1012 1601 1161 1685 temporis
1183 1601 1306 1685 prefate
1330 1602 1441 1668 domus
1469 1607 1503 1669 et
1523 1600 1637 1669 fratrea
1658 1600 1722 1683 sui,
1752 1600 1887 1686 predicti
1907 1600 2027 1671 Boaate

477 1707 565 1795 pium
586 1724 662 1790 erga
682 1723 716 1772 aa
736 1703 884 1771 allectum
905 1721 969 1787 qua
990 1703 1174 1770 monebatur
1195 1703 1405 1785 attendentes,
1424 1703 1464 1771 de
1485 1721 1545 1770 sua
1563 1703 1831 1786 bouaroluotate,
1853 1722 1917 1771 uon
1931 1722 2028 1773 causa

479 1808 612 1880 alieuius
633 1806 811 1890 emptionis,
832 1805 965 1889 tmginta
986 1823 1164 1872 marcarum
1185 1803 1398 1871 Teutoniculls
1419 1804 1566 1889 ponderis
1587 1824 1645 1888 pra
1664 1805 1878 1889 redemptione
1904 1807 2027 1874 comitis

480 1909 652 1997 supradicti
683 1909 838 1976 dedemut
863 1906 1067 1974 Theutuniaia
1100 1906 1140 1973 de
1169 1905 1344 1973 Virchobos
1381 1925 1452 1973 cum
1483 1906 1525 1976 ab
1557 1907 1674 1975 eisdem
1699 1907 1877 1990 captivatus
1904 1907 2026 1976 musca

478 2013 546 2083 llos
566 2011 665 2098 igitur
684 2010 744 2078 bac
763 2028 893 2096 precem
915 2009 1038 2076 comitis
1059 2007 1179 2075 macte
1204 2008 1331 2089 donum,
1352 2007 1421 2075 Deo
1444 2014 1479 2076 ct
1498 2009 1591 2076 bcate
1611 2008 1713 2076 Maria
1730 2008 1844 2092 virgini
1866 2009 2026 2093 nodatum,

478 2113 672 2200 temporebus
692 2112 890 2197 presentibus
911 2121 945 2178 et
965 2110 1081 2178 amru
1101 2109 1226 2177 firmum
1248 2114 1283 2177 et
1303 2111 1417 2178 stabile
1437 2111 1554 2178 habere
1567 2110 1718 2191 volentes,
1739 2109 1883 2178 inclinati
1900 2111 1941 2179 ad
1954 2129 2026 2195 pce·

479 2235 531 2287 aas
550 2214 716 2300 utriusque
744 2215 859 2299 partis,
891 2212 1026 2279 mmm
1047 2213 1194 2281 videlieet
1214 2212 1354 2296 predicta
1377 2213 1488 2280 domus
1506 2217 1541 2280 et
1561 2211 1693 2294 Bozate,
1723 2217 1757 2278 et
1776 2229 1817 2279 na
1837 2212 1908 2296 quis
1929 2213 2026 2281 etlam

478 2318 598 2405 aliquid
619 2317 730 2385 birote
750 2316 925 2401 questionis
946 2315 1099 2397 iuveniat,
1126 2318 1304 2398 presentem
1326 2316 1474 2399 paginam
1495 2314 1591 2399 sigilli
1612 2314 1712 2382 nostri
1735 2314 1926 2398 appensione
1946 2313 2027 2383 utile

478 2421 624 2491 dummus
642 2419 860 2487 roboraumuu
888 2417 994 2485 Huius
1012 2418 1058 2484 rei
1076 2422 1174 2484 testea
1197 2421 1287 2484 saul:
1309 2434 1413 2485 rames
1433 2416 1616 2501 Rogumilus
1637 2416 1806 2500 palatinus,
1828 2415 2027 2486 Damaradus

479 2523 573 2593 ludex
600 2523 686 2591 curie
712 2526 836 2601 nostre,
867 2517 1052 2601 Pretpolcua
1086 2518 1276 2585 castellanus
1302 2517 1537 2600 Paanauiensis,
1566 2516 1808 2585 Herkenboldus
1836 2519 2027 2586 melanus

480 2625 672 2707 Galisiensis,
691 2621 893 2707 Boguphalas
913 2619 998 2687 filius
1019 2619 1255 2704 archiepiscopi,
1275 2619 1483 2705 Bcdigastiua,
1504 2619 1641 2687 Michael
1655 2620 1798 2687 natamus
1811 2621 1898 2688 curie
1919 2626 2027 2689 nosue

479 2732 514 2798 et
532 2726 703 2812 aliquam
723 2724 839 2811 plures.
882 2723 999 2790 Actum
1023 2722 1058 2789 iu
1082 2721 1211 2788 Paanuu
1235 2739 1319 2788 anua
1344 2721 1499 2788 dominice
1523 2719 1757 2789 Iucuruaciouis
1781 2721 1948 2790 millesimo
1969 2721 2027 2789 du·

480 2828 648 2899 oentoeima
677 2825 917 2914 quadragesimo
938 2830 1028 2894 sexto
1053 2825 1088 2892 ia
1116 2829 1228 2893 actara
1249 2824 1352 2893 sancti
1376 2823 1527 2892 lobannis
1552 2823 1712 2910 Baptista,
1742 2843 1848 2893 coram
1873 2824 2028 2894 uniuersis

479 2928 649 3000 buoulbua
672 2928 799 3000 nasum
1785 2943 1789 2950 ·

462 3113 465 3119 ’
550 3086 552 3091 ’
581 3132 712 3216 vitam,
737 3136 871 3199 amaa
891 3131 1072 3212 namna,
1095 3135 1247 3213 maan.
1272 3129 1405 3214 uanae
1427 3132 1495 3196 aa
1515 3154 1535 3196 ι
1552 3134 1718 3197 maana
1738 3132 1903 3209 nam,
1923 3155 1943 3197 2
1961 3130 2028 3198 aa

479 3255 552 3318 ruo
579 3234 736 3317 maome
761 3241 960 3317 mamone,
980 3232 1107 3316 aeae
1130 3253 1258 3314 natam
1285 3239 1330 3320 tt
1355 3235 1497 3298 amas.
1536 3231 1721 3316 vaccones,
1746 3239 1797 3300 aie
1823 3238 2028 3314 maumam

480 3341 562 3405 scote
575 3340 640 3416 jert
661 3345 692 3402 to
711 3356 794 3402 amna
814 3357 850 3403 oo
871 3335 1035 3418 virunnis,
1064 3357 1092 3399 aa
1116 3339 1233 3416 alaodcy
1259 3339 1358 3416 produ
1381 3339 1535 3422 memet,
1560 3339 1614 3400 saei
1640 3338 1766 3400 Μίνω
1779 3341 1949 3418 pugnate,
1969 3357 2028 3402 aaa·

481 3442 561 3505 dmcc
580 3461 607 3504 r.
625 3441 714 3504 1210
730 3458 828 3521 prm
855 3441 1064 3520 Wadystonu
1090 3441 1243 3503 Odaaiezu
1269 3442 1433 3520 meram
1453 3460 1472 3502 ι
1491 3441 1666 3516 Psartom
1686 3442 1844 3505 calciante
1863 3443 2025 3517 tantos,
2131 3488 2155 3493 ⁴-

456 3612 460 3619 ,
481 3558 503 3606 a
521 3538 612 3607 lana
632 3549 663 3606 ta
681 3543 841 3622 madum
862 3543 901 3605 do
920 3542 1032 3606 caela
1052 3544 1102 3607 nic
1118 3543 1279 3622 praecata
1303 3542 1398 3618 (cusr.
1419 3541 1472 3603 Nr.
1495 3541 1564 3619 aa.)

1053 3844 1056 3847 ’
1148 3833 1223 3923 Nr.
1255 3831 1354 3937 253
1404 3912 1409 3919 .

583 4030 742 4117 hamul
767 4032 844 4114 dux
869 4030 1018 4114 Palania
1054 4034 1189 4114 1246
1215 4053 1245 4114 a.
1272 4031 1316 4130 d,
1349 4030 1392 4112 in
1424 4028 1586 4130 Paanam
1626 4047 1787 4117 mactat
1820 3979 2029 4120 termium

482 4148 628 4221 Oicborra
649 4151 840 4219 manasterio
862 4149 901 4219 de
928 4150 1031 4218 Lubiu
1060 4157 1170 4218 eontra
1200 4150 1384 4236 petitionem
1410 4147 1568 4216 ilrisoouis
1599 4153 1634 4216 at
1665 4148 1797 4218 Calatini
1832 4152 2029 4239 ulammaus

431 4275 434 4280 ’
481 4250 631 4322 mum
651 4254 693 4321 da
709 4253 878 4337 Potegawa
899 4258 934 4319 et
954 4253 994 4321 de
1015 4253 1249 4338 Tuon-aymirici.

585 4361 726 4438 Perpau
749 4363 867 4437 areola
911 4361 981 4422 ilici
994 4359 1155 4436 peractae
1176 4360 1377 4436 waplamiota,
1391 4358 1529 4441 pleczpcc'
1548 4358 1600 4419 nia
1619 4373 1712 4421 maoz.

585 4457 720 4524 Pomm&
764 4462 884 4538 Kdnipl.
909 4454 1017 4523 Stante
1037 4462 1128 4525 Arcb.
1150 4460 1247 4522 Ludite
1267 4461 1299 4526 t.

584 4661 623 4729 lu
644 4662 770 4731 nominc
787 4661 914 4730 Domini
936 4680 1037 4728 aman.
1080 4661 1220 4729 Humani
1240 4663 1364 4747 generis
1385 4663 1526 4731 actiones
1548 4663 1701 4731 memoria
1721 4669 1877 4750 perpetua
1889 4663 2030 4748 indigen·

482 4765 532 4830 tea
553 4763 737 4849 plerumque
759 4766 800 4833 ab
820 4763 981 4831 homiuum
1003 4763 1122 4831 nodcia
1142 4763 1335 4846 dilabuntur,
1362 4783 1424 4849 que
1448 4764 1676 4848 scripturarum
1704 4785 1761 4834 seu
1780 4767 1910 4833 testium
1927 4764 2030 4833 maui-

482 4863 566 4934 miue
591 4884 655 4934 nou
683 4872 881 4934 renovantur.
926 4865 1030 4948 Igitur
1056 4883 1113 4931 uos
1138 4864 1272 4932 Premisl
1296 4866 1357 4933 Dei
1384 4867 1488 4950 gratia
1513 4867 1578 4933 dux
1602 4867 1732 4936 Palanie
1760 4875 1871 4936 notum
1899 4867 2031 4936 iacimus

482 4968 636 5036 universis
655 4975 721 5037 mm
743 4969 941 5052 presentibus
959 4987 1055 5052 quam
1075 4967 1191 5034 lutaris
1212 4974 1389 5051 presentem
1411 4969 1557 5053 paginam
1578 4970 1777 5054 inspecturis,
1799 4969 1884 5054 quod
1906 4969 2030 5036 intuea-

412 5137 416 5143 ,
483 5072 532 5135 tes
552 5069 671 5137 domini
692 5070 816 5137 Heclini
836 5070 962 5138 abbatis
983 5071 1022 5138 de
1043 5071 1146 5138 Lubin
1168 5070 1228 5138 riri
1252 5070 1388 5154 religiosi
1414 5071 1574 5138 laboribus
1603 5078 1637 5138 et
1662 5071 1867 5139 citationibus
1895 5072 2031 5140 assiduis

483 5169 525 5237 ab
545 5171 657 5241 berum
677 5173 813 5242 militum
832 5174 993 5259 instantia,
1015 5173 1160 5243 videncet
1181 5172 1330 5241 camoena
1350 5181 1383 5241 et
1406 5172 1545 5241 Oristim
1566 5173 1725 5258 quandam
1748 5174 1885 5243 tiliorum
1906 5173 2032 5258 Bagaso
