4574 6240
1927 426 2063 500 75·

431 639 543 716 Pteria
567 638 601 702 ct
629 629 860 699 successorihus
882 629 960 710 eius,
990 628 1023 695 in
1053 627 1171 695 ducatu
1201 647 1269 694 mco
1290 628 1396 696 villam
1418 648 1480 713 quc
1503 625 1634 695 Cecuvia
1656 633 1768 695 vocata
1785 633 1835 694 est
1855 626 1976 694 liberali

432 740 596 817 mllationc
622 735 745 802 rlonaui.
789 734 939 801 Proteum
966 732 1162 799 universitati
1193 739 1296 801 uastae
1325 731 1525 798 notissimum
1549 750 1618 796 asse
1641 730 1748 814 cupio,
1771 728 1855 814 quod
1876 729 1976 797 cidem

433 847 576 936 episeopo
602 845 635 906 ot
660 836 890 906 sucessormus
912 837 979 904 cius
1000 836 1081 902 barra
1102 834 1280 904 libertatern
1301 835 1425 917 donavi,
1456 835 1544 902 utin
1566 835 1750 919 supmdicta
1769 833 1844 902 villu
1864 833 1979 901 'leuto

432 952 517 1021 nicos
537 943 604 1009 sivo
622 941 701 1007 ahos
723 941 864 1025 hospitas
885 939 1027 1019 collocet,
1049 938 1104 1021 qui
1126 937 1242 1007 ibidem
1263 940 1457 1007 liberrirrrum
1483 939 1585 1004 iarurrr
1615 936 1762 1017 bubcant,
1791 936 1846 1019 qui
1868 945 1979 1004 cuntes

435 1061 467 1131 et
486 1046 662 1125 ralorrntcs,
685 1043 855 1112 vendentes
877 1049 911 1109 et
930 1047 1079 1123 ementes,
1099 1041 1131 1106 in
1153 1040 1271 1109 ducatu
1289 1049 1398 1109 nostro
1415 1040 1561 1109 thelonea
1579 1057 1777 1124 naquaquam
1790 1038 1979 1123 persolvant,

435 1171 491 1226 nee
510 1149 552 1217 ad
571 1149 666 1216 castri
688 1148 760 1216 iura
780 1146 845 1213 ullo
867 1144 960 1213 modo
982 1143 1160 1228 respiciant,
1183 1164 1241 1212 nec
1261 1145 1453 1212 monetarios
1477 1143 1565 1210 ducis
1591 1142 1624 1208 iu
1650 1141 1717 1208 loro
1738 1159 1796 1208 suo
1816 1141 1980 1225 recipiant

436 1255 484 1329 Ad
504 1251 654 1320 iudicium
672 1249 768 1316 etiam
790 1249 887 1317 castri
912 1266 973 1314 non
1003 1246 1143 1327 verriant,
1170 1264 1228 1314 nec
1257 1247 1448 1316 castellanus
1477 1245 1526 1313 vel
1556 1244 1674 1312 iudicas
1699 1245 1798 1312 castri
1823 1244 1907 1311 inter
1927 1262 1982 1310 eos

437 1355 549 1429 tradicio
570 1352 710 1434 sedeant,
732 1369 789 1420 nec
810 1349 938 1435 aliquod
964 1349 1012 1415 ius
1041 1347 1101 1415 sibi
1127 1366 1308 1418 concessum
1334 1351 1438 1418 ineis
1465 1353 1640 1417 cncrccaut.
1685 1347 1735 1414 hu
1753 1346 1983 1431 expeditionem

436 1460 533 1532 enan
549 1456 638 1523 ducis
658 1474 721 1523 non
742 1453 875 1536 vadant,
903 1472 962 1520 ncc
988 1451 1120 1535 vcshgia
1141 1452 1303 1537 recipiant.
1348 1451 1381 1520 Si
1404 1472 1477 1521 vcro
1500 1452 1584 1519 inter
1604 1451 1746 1518 homines
1766 1449 1856 1516 ducis
1877 1456 1911 1517 et
1930 1468 1983 1517 su·

375 1633 379 1642 ,
437 1559 570 1651 predicti
591 1557 729 1643 episcopi
751 1556 892 1623 homines
914 1560 980 1621 tam
1006 1553 1141 1621 enormis
1167 1572 1264 1620 causa
1284 1555 1449 1622 emerserit
1477 1573 1539 1639 que
1559 1554 1710 1622 subticeri
1731 1552 1824 1622 facile
1845 1572 1907 1620 non
1929 1572 1983 1620 va·

438 1667 519 1746 leat,
550 1679 620 1728 cunr
647 1659 751 1745 sigillo
768 1659 908 1726 eiusdem
929 1657 1081 1741 episcopi,
1104 1657 1172 1741 ipso
1194 1657 1339 1742 episcopo
1360 1664 1506 1741 presente
1527 1677 1566 1725 ac
1586 1658 1760 1738 mediante,
1779 1662 1854 1724 ante
1873 1655 1985 1725 dacaru

438 1769 655 1857 provocentur,
677 1764 725 1832 ita
744 1767 861 1844 umen,
881 1765 918 1827 ut
939 1759 967 1826 si
985 1759 1123 1845 episcopi
1142 1759 1283 1827 homines
1304 1758 1477 1844 culpabiles
1495 1761 1614 1828 inventi
1627 1761 1754 1842 inerim,
1773 1761 1872 1827 totius
1893 1760 1993 1845 culpe

439 1869 553 1940 solutio
574 1869 617 1937 ad
635 1869 818 1953 episcopum
839 1869 1025 1932 revertatur.
1074 1862 1165 1930 Hanc
1191 1870 1298 1930 autern
1323 1863 1504 1932 libertatern
1528 1882 1592 1930 non
1617 1864 1719 1932 solunr
1745 1865 1779 1930 iu
1804 1863 1986 1948 supradicta

440 1971 524 2054 vilia
546 1970 602 2038 sed
622 1971 721 2038 etiam
741 1967 886 2036 omnibns
907 1965 991 2032 villis
1009 1971 1043 2032 et
1063 1964 1250 2048 hominibus,
1278 1984 1357 2050 quos
1377 1965 1461 2033 idern
1482 1967 1646 2051 episcopus
1667 1967 1701 2034 in
1721 1975 1883 2050 posterum
1902 1967 1986 2033 iuste

440 2077 475 2143 in
491 2073 610 2142 ducatu
630 2079 738 2141 nostra
758 2071 878 2157 poterit
897 2068 1039 2154 adipisci,
1065 2068 1247 2136 condonavi.
1290 2069 1400 2137 Testes
1426 2089 1500 2138 vero
1525 2071 1618 2138 huius
1643 2070 1822 2139 donationis
1850 2088 1919 2138 rrae
1940 2070 1987 2137 hii

441 2183 530 2246 sunt:
553 2175 742 2246 caetelianus
763 2174 912 2256 Ywanus,
934 2171 1123 2240 castellanus
1145 2171 1185 2240 de
1206 2171 1298 2239 Rada
1318 2172 1521 2256 Ymmizlaus,
1547 2173 1736 2242 castellanus
1757 2174 1797 2241 de
1818 2173 1908 2241 Srern
1928 2173 1987 2240 Pa·

442 2287 521 2363 nus,
539 2278 700 2365 palatinus
721 2275 909 2362 Stephanus,
931 2275 1079 2359 pincerna
1106 2273 1262 2342 Iohannes
1287 2280 1321 2342 et
1348 2275 1405 2342 alii
1430 2277 1550 2346 nobiles
1567 2277 1644 2359 urei,
1671 2277 1792 2345 scilicet
1811 2275 1988 2358 numum,

442 2383 563 2466 Dirsse,
585 2380 744 2464 Woicech,
764 2379 960 2462 Rociborius,
981 2376 1122 2461 Inrlaus
1145 2396 1279 2462 quorum
1305 2379 1445 2446 omnium
1472 2379 1652 2448 testimonio
1672 2379 1754 2447 hanc
1774 2386 1917 2447 nostram
1933 2377 1989 2445 do·

442 2486 603 2555 natlonem
623 2503 693 2553 meo
715 2483 818 2569 sigilio
838 2482 1020 2551 confirmavi
1040 2487 1074 2549 et
1094 2499 1151 2567 per
1171 2481 1334 2566 episcopos
1355 2481 1484 2552 Polouia
1505 2483 1682 2556 confirmari
1696 2501 1853 2569 rogamus.
1883 2483 1989 2569 (huno

443 2589 486 2657 ah
505 2588 726 2658 lucarnatione
745 2586 872 2655 Domini
893 2583 1090 2671 licem)

548 2794 650 2878 Kahs,
672 2797 782 2860 Kolias
815 2791 962 2875 Gekovin
989 2794 1103 2858 Gelam
1138 2789 1238 2874 nana
1258 2789 1357 2875 Srenr,
1379 2793 1448 2858 deii
1467 2796 1522 2857 tad
1541 2813 1632 2861 cmo.

1020 3052 1025 3061 ι
1136 3090 1211 3178 Nr.
1244 3082 1313 3177 78.

553 3288 825 3395 srmhpelaas
861 3287 938 3370 dur
976 3285 1189 3371 Pomoranio
1232 3289 1474 3392 1281leio)
1515 3288 1598 3373 hoo.
1633 3296 1722 3390 27,
1764 3291 1807 3376 in
1841 3290 1993 3398 Slnpak3

451 3418 562 3482 notum
580 3411 667 3494 facit,
688 3430 723 3478 se
743 3409 956 3478 eburonibus
976 3415 1010 3477 et
1030 3409 1183 3477 militibus
1204 3410 1404 3479 castellaniae
1424 3411 1464 3478 da
1484 3409 1613 3496 Slupsk,
1634 3433 1656 3480 a
1674 3413 1785 3481 multis
1803 3415 1895 3481 annis
1907 3413 1995 3481 duci·

452 3517 512 3586 hus
530 3515 680 3584 Poloniaa
701 3515 735 3581 in
756 3512 992 3598 temporalibus,
1013 3512 1247 3598 archiepiscopo
1269 3531 1342 3581 vero
1358 3512 1536 3582 Gnernensi
1549 3514 1583 3581 in
1594 3516 1812 3600 spiritualibus
1826 3516 1995 3600 subiectae,

261 3616 267 3699 ᾗ
386 3662 388 3667 ·
453 3624 523 3687 turn
539 3638 561 3686 a
579 3617 779 3684 Waldemaro
800 3635 874 3701 repe
892 3615 1011 3684 Daciae
1031 3621 1211 3700 occupatae,
1232 3617 1266 3682 in
1286 3615 1447 3684 doruinunr
1467 3635 1536 3685 asse
1557 3619 1702 3688 electrina

563 3726 702 3789 Graiam
732 3725 848 3787 mcliv.
877 3724 1008 3801 Capituli
1029 3723 1185 3802 Metropol.
1206 3723 1269 3787 Lib.
1283 3726 1385 3802 privil.
1415 3723 1483 3787 XV
1497 3742 1554 3788 aec.
1571 3727 1627 3802 sol.
1648 3727 1702 3790 52.
1747 3719 1814 3789 llok
1834 3725 1919 3789 1281
1938 3744 1998 3806 po·

455 3833 538 3911 dorp
557 3850 585 3893 ar
605 3830 701 3909 lapis,
725 3831 775 3892 nic
796 3829 915 3907 zpadaa
932 3831 977 3912 cie
997 3847 1016 3890 z
1037 3826 1150 3911 treicip
1170 3828 1363 3908 riolacaerrlu,
1384 3830 1433 3890 ale
1452 3824 1561 3904 καί]
1578 3847 1604 3891 r.
1626 3829 1734 3904 1212,·
1756 3831 1854 3907 confr.
1876 3831 1997 3910 amco,

384 3997 385 4000 ,
458 3935 604 4013 Scriplor.
625 3950 686 3996 rer.
709 3933 834 3996 enarro
857 3931 886 4012 I,
904 3948 939 4010 p.
961 3929 1033 3995 ⁷71.
1055 3931 1217 4010 Ilpploorct,
1234 3933 1381 4011 wacena
1400 3947 1439 3994 zo
1456 3931 1652 4013 pcdrcblcrrp.

560 4134 600 4203 nr
620 4098 891 4204 summosam
912 4133 1007 4202 neu
1028 4133 1148 4202 crass
1169 4153 1270 4202 amen.
1312 4132 1631 4206 Lioetoruinacionea
1645 4138 1806 4208 namnum
1826 4137 2010 4220 resonos

346 4323 351 4330 .
458 4238 533 4309 liter
553 4238 686 4308 diffinite
715 4240 831 4307 noticie
856 4239 1039 4307 subiaceant
1066 4238 1272 4322 singulorum,
1301 4257 1449 4324 processu
1472 4246 1579 4308 tannen
1606 4244 1771 4326 temporis,
1805 4261 1876 4309 curn
1901 4250 2001 4310 testes

460 4341 626 4426 amarint,
649 4346 810 4413 consuevit
824 4343 1002 4427 calumpnia
1021 4343 1196 4423 novercari3
1216 4342 1331 4408 idcireo
1351 4360 1478 4410 necasse
1496 4350 1546 4410 est
1559 4345 1701 4413 acciones
1715 4366 1771 4414 scu
1784 4345 2001 4414 ordinacioncs

460 4448 633 4534 legittimus
653 4466 715 4533 que
736 4448 887 4515 memoria
908 4447 1058 4532 indigent,
1080 4466 1137 4530 per
1157 4446 1266 4530 scripti
1287 4447 1517 4514 continenciam
1535 4448 1569 4514 in
1582 4451 1731 4517 noticiam
1751 4451 1925 4518 transmitti
1946 4469 2002 4534 po

461 4557 627 4619 stcrorum.
670 4550 848 4636 Eupropter
876 4569 933 4617 nos
959 4548 1190 4633 Saeutopelcus
1217 4549 1275 4615 Dei
1296 4549 1403 4633 gracha
1427 4549 1492 4617 dur
1520 4552 1719 4636 Pomoranie,
1750 4554 2002 4637 prodccoesorum

462 4661 642 4724 nostrorum
660 4654 839 4722 inherentes
860 4655 1000 4737 vestipis
1018 4671 1186 4736 eorumque
1207 4651 1275 4718 fiori
1301 4653 1463 4736 cupientes
1487 4655 1599 4738 ydonei
1623 4657 1812 4738 imitatores,
1837 4657 2003 4741 presertim

463 4757 497 4824 in
517 4757 568 4826 lris
586 4777 647 4843 que
664 4757 705 4826 arl
725 4758 875 4825 honorem
897 4757 955 4824 Dei
977 4763 1011 4823 et
1029 4756 1269 4823 ecclesiasticam
1289 4756 1460 4823 utilitatem
1473 4764 1507 4825 et
1520 4777 1627 4842 pacem
1640 4760 1725 4829 iacta
1738 4780 1807 4828 esse
1821 4766 2003 4842 uoscrurtur,

464 4861 618 4929 universis
638 4860 835 4946 presentibus
857 4866 890 4927 et
911 4858 1026 4925 futuris
1048 4859 1240 4925 innotescere
1255 4856 1442 4942 curavimus,
1458 4861 1543 4945 quod
1560 4882 1631 4930 cunr
1646 4864 1829 4931 metellanici
1842 4862 2004 4949 Slupeusie

464 4963 596 5032 duabus
616 4963 745 5032 Paionie
766 4966 799 5030 in
820 4962 1043 5047 temporalibus
1064 4967 1098 5028 ct
1118 4959 1293 5027 Gncancnsi
1314 4961 1546 5049 archiepiscopo
1563 4967 1597 5032 in
1617 4967 1845 5051 spirituahbus,
1866 4969 1899 5033 in
1920 4966 2005 5035 dcci·

467 5068 526 5175 mia
547 5067 692 5135 videlicet
709 5073 744 5135 ct
763 5067 835 5134 aliis
864 5066 998 5147 iuribus,
1025 5086 1046 5133 a
1076 5065 1184 5131 multis
1210 5070 1295 5131 retro
1322 5066 1412 5133 anuis
1437 5067 1531 5153 pleno
1555 5069 1624 5135 iure
1648 5072 1862 5154 pertinuisset,
1887 5069 2005 5137 illustri
2135 5072 2138 5077 '

324 5185 328 5194 '
467 5170 608 5255 principe
636 5169 752 5236 seniori
778 5169 952 5236 wladislao
980 5169 1058 5234 (luce
1084 5166 1211 5234 Polorric
1239 5167 1404 5236 incudem
1430 5170 1614 5239 castellania
1640 5171 1785 5257 Slupcnsi
1807 5174 1891 5239 sicut
1911 5181 1945 5240 et
1972 5175 2006 5240 in

468 5269 599 5340 Paionia
618 5272 812 5355 dominante,
840 5291 897 5357 per
923 5270 1061 5339 eludam
1087 5270 1240 5338 incuriam
1268 5289 1323 5337 seu
1350 5272 1575 5357 negligenciam
1595 5294 1651 5342 rex
1676 5275 1772 5342 bacio
1795 5274 2006 5362 Wublruarus,

469 5392 613 5458 asserens
632 5397 677 5461 ac,
696 5376 778 5444 sicut
799 5396 907 5444 remur
928 5375 997 5454 luit,
1019 5394 1076 5460 per
1093 5375 1196 5442 achar
1210 5393 1299 5442 aurun
1313 5375 1353 5443 dc
1366 5376 1466 5461 stirpe
1478 5376 1653 5462 principum
1666 5379 1796 5448 Poionic
1810 5381 2007 5464 processisse,

1807 5499 1854 5556 1⁰⁸
