4574 6240
1191 518 1264 606 Νι.
1301 519 1399 607 146.

542 835 549 850 .
626 712 833 799 Ludonlaus
860 718 937 799 dor
962 714 1111 799 Polonie
1146 719 1281 800 1283
1307 740 1337 801 s
1363 717 1397 800 0
1424 719 1461 801 et
1486 715 1525 817 lp
1551 733 1610 801 nat
1627 731 1779 800 canibus
1799 731 1935 801 unium
1948 733 2069 818 Templi

519 835 903 1021 Vlnml’gizoosrtrlf,prppria.
923 943 971 1004 No
991 960 1121 1005 renurzc
1134 943 1285 1019 J'rdwobre
1307 959 1452 1005 czmvore
1469 945 1699 1022 przyrvr'cszono
1715 938 1842 1025 pieczpt
1862 941 2069 1023 Wtadyrtcnc

523 1045 650 1128 d'rlpcia
672 1052 819 1121 lpleczet
844 1051 906 1116 VI.)

624 1147 736 1210 Berlin
774 1147 889 1224 dbntpl.
923 1145 1048 1210 deheim.
1080 1147 1185 1210 &ectr
1207 1147 1295 1210 Aret
1332 1147 1440 1211 Ricdel
1472 1147 1540 1211 cod
1563 1147 1681 1227 diplom
1704 1146 1933 1227 brandenburp.
1956 1151 1993 1214 A.
2016 1149 2069 1230 24,

517 1266 553 1329 Ρ·
576 1242 821 1329 ῘνγῙΜΨΜω
2002 1280 2012 1297 ⁸

622 1416 661 1485 In
682 1417 809 1485 nomine
830 1416 935 1484 Patris
956 1422 990 1484 et
1010 1417 1084 1484 Filii
1105 1426 1138 1485 et
1159 1417 1298 1503 Spiritus
1319 1420 1422 1487 sancti
1450 1438 1551 1486 emen.
1597 1419 1752 1500 Quoniam
1777 1418 1939 1487 bominum
1967 1417 2072 1487 labilis

519 1527 571 1589 est
591 1520 742 1587 memoria
770 1524 804 1586 ct
830 1519 1017 1603 procedente
1039 1527 1180 1605 tompore
1202 1521 1368 1589 tabescunt
1388 1523 1485 1589 etiarn
1506 1522 1620 1605 quein
1642 1520 1785 1589 habitum
1814 1527 1890 1588 sunt
1910 1540 2071 1604 convorsa,

520 1623 601 1692 scire
620 1620 692 1688 nolo
713 1627 780 1689 tam
802 1629 963 1705 presentes
984 1641 1080 1706 quom
1102 1622 1235 1705 futuros,
1258 1624 1342 1707 quod
1363 1642 1421 1708 ego
1443 1623 1620 1691 Ludezlaus
1642 1623 1702 1690 Dei
1723 1625 1829 1708 gratia
1848 1624 1913 1691 dux
1931 1623 2071 1706 Polonie,

520 1725 561 1792 de
581 1741 735 1793 consenso
756 1724 865 1791 uxoris
882 1743 950 1792 rnoc
971 1723 1149 1810 Hodewigis
1171 1732 1205 1794 et
1232 1726 1369 1793 filiorum
1397 1745 1539 1795 meorum
1558 1725 1718 1794 Primizlni
1748 1733 1783 1793 ct
1802 1725 1953 1808 Bolani,
1976 1726 2072 1794 Terra

519 1835 629 1897 sancte
650 1826 898 1895 lerosolimitane
919 1827 1134 1913 fratribusque
1154 1827 1273 1896 Milicie
1302 1828 1434 1914 Templi,
1462 1847 1532 1896 cnm
1562 1828 1647 1896 omni
1669 1829 1739 1895 iure
1760 1833 1794 1895 ct
1814 1827 1971 1911 libertate,
2000 1847 2072 1895 cum

521 1931 606 2017 egris
625 1937 660 1999 et
680 1929 801 2015 stagnis
822 1936 857 1998 et
878 1930 1022 1998 omnibus
1048 1931 1226 1999 attinentiis
1248 1931 1356 1998 villum
1381 1949 1485 1998 meam
1504 1949 1566 2015 que
1593 1930 1717 1999 Orozno
1749 1930 1867 1998 dicitur
1896 1930 2014 1999 tradidi
2039 1936 2100 1998 ct*

520 2032 644 2102 domari.
689 2031 736 2100 Ut
754 2037 861 2100 autem
883 2032 941 2101 hec
962 2052 1033 2101 meo
1053 2035 1184 2103 donacio
1206 2035 1313 2102 domui
1334 2034 1456 2119 Templi
1477 2041 1550 2103 rata
1571 2041 1700 2102 maneat
1720 2040 1754 2102 et
1774 2034 1935 2120 perpetuis
1950 2041 2071 2119 tempo·

407 2147 410 2152 ·
521 2134 610 2202 ribus
628 2133 821 2214 inconvulsa,
843 2133 945 2218 ipsam
963 2135 1060 2219 sigilli
1080 2137 1143 2204 mei
1164 2137 1336 2204 munimine
1363 2137 1440 2204 duxi
1471 2137 1680 2205 muniendam.
1725 2137 1834 2205 Testes
1854 2145 1961 2205 autem
1981 2142 2071 2205 sunt:

521 2235 699 2321 prepositus
719 2234 868 2304 Soezlaus
889 2237 928 2304 de
949 2236 1084 2320 Zantolr.
1106 2238 1251 2306 dominus
1276 2238 1388 2305 Petrilr
1412 2237 1452 2306 de
1475 2238 1592 2322 Pratis,
1626 2239 1772 2306 domiuus
1800 2238 1951 2323 Dirsycra
1978 2239 2072 2307 iudex

521 2337 617 2420 cone,
637 2337 783 2404 dominus
801 2335 964 2406 &reatina
984 2339 1176 2409 castellanus
1197 2340 1236 2407 de
1258 2338 1367 2422 NacIe,
1388 2340 1534 2408 Andreas
1553 2340 1637 2409 filius
1658 2341 1777 2409 domini
1790 2341 1912 2430 Petrilr,
1926 2341 2072 2409 dominos

520 2439 666 2511 donum
686 2440 727 2508 de
748 2439 907 2511 Obamenz
926 2448 960 2510 et
980 2441 1036 2510 alii
1057 2461 1152 2529 quam
1172 2443 1289 2530 plures.
1312 2445 1397 2512 Acta
1409 2449 1486 2511 eunt
1499 2441 1558 2512 bec
1571 2462 1656 2512 anno
1670 2443 1798 2512 Domini
1811 2442 2070 2513 ltccmlll

522 2645 758 2820 We,
780 2648 908 2713 rnen.
931 2611 1066 2731 00ωο,
1090 2651 1213 2715 secan
1235 2646 1285 2718 oe
1305 2647 1423 2733 Paos,
1440 2651 1488 2716 be
1507 2652 1604 2739 rere
1632 2648 1743 2734 made,
1765 2652 1872 2716 nune
1902 2647 2072 2734 onmem,

1196 3050 1271 3137 Nr.
1295 3042 1394 3137 147.

623 3245 858 3333 mennam
885 3245 991 3332 ouen
1018 3246 1152 3330 orons
1177 3245 1243 3330 00
1268 3245 1405 3330 reema
1429 3243 1536 3329 mum
1563 3248 1698 3328 nese
1723 3268 1753 3329 s
1780 3246 1814 3329 c
1837 3244 1881 3328 0
1897 3241 2073 3348 suern
2191 3201 2193 3204 ’

519 3365 769 3472 'micantum
795 3370 935 3449 1233
965 3365 1053 3473 Api.
1083 3371 1203 3463 4,-10
1232 3365 1395 3469 Pomm
1425 3381 1547 3451 confert
1567 3382 1758 3451 monsstenio
1780 3382 1820 3450 (lc
1846 3381 1966 3469 Lunna
1987 3382 2075 3449 3000
2216 3373 2220 3380 ’

520 3507 647 3558 mansos
672 3489 708 3556 in
734 3486 896 3556 territorio
918 3487 1015 3555 castri
1037 3486 1161 3556 Wieleb
1181 3487 1269 3569 sitos
1288 3505 1360 3554 oum
1380 3485 1499 3554 eisdem
1519 3484 1730 3569 libertatibus,
1752 3484 2006 3572 quibusincolas
2019 3486 2073 3554 de·

521 3591 601 3661 serti
620 3591 676 3660 niti
695 3591 730 3659 in
752 3591 913 3660 territorio
934 3590 1031 3660 ostri
1052 3588 1161 3658 Nullo
1179 3589 1367 3656 muniverat
2120 3657 2123 3661 ,

610 3689 790 3761 'noerae
824 3698 946 3775 treet
971 3697 1077 3760 mame
1097 3696 1216 3759 acme.
1239 3692 1370 3769 mana,
1402 3693 1656 3775 peponem
1676 3695 1713 3756 n
1735 3693 1809 3758 eos.
1834 3693 1897 3760 to.
1921 3695 2073 3774 monac,

518 3800 574 3880 sot
596 3798 648 3862 ³2.
689 3798 841 3880 uoebccb,
869 3795 1077 3878 Wtadomotcl,
1092 3814 1128 3878 p.
1153 3797 1203 3861 tt.

622 4001 661 4070 ln
674 4001 801 4070 nomine
813 4000 933 4068 domini
952 4000 1054 4068 nostri
1067 3999 1162 4068 lbesn
1177 3998 1298 4067 christi
1316 4015 1418 4068 amem.
1440 3995 1509 4080 nno
1523 3995 1719 4066 wladizlaus
1737 3998 1828 4067 ducis
1841 3997 1960 4067 Orionis
1973 3999 2074 4070 ielicis

520 4104 747 4175 mcordotionis
767 4103 852 4171 iilius
870 4101 998 4171 notifico
1024 4108 1091 4170 tam
1119 4099 1319 4188 presentibus
1339 4118 1436 4186 quam
1456 4097 1583 4174 fumus.
1611 4100 1698 4185 qnod
1719 4107 1947 4185 postmortem
1966 4103 2075 4188 patrui

520 4208 584 4277 mci
604 4207 693 4276 (luds
715 4205 767 4276 W.
786 4225 844 4291 pro
863 4205 969 4274 anima
990 4206 1089 4291 ipsius
1111 4211 1145 4273 et
1165 4223 1224 4290 pro
1245 4203 1384 4288 peccatis
1405 4203 1495 4286 meis,
1518 4203 1625 4271 uxoris
1646 4222 1725 4286 mee,
1740 4222 1882 4272 meorum
1894 4224 2074 4291 puerorum,

521 4308 641 4380 contuli
660 4308 769 4376 domui
789 4307 928 4376 Lubcnsi
949 4315 984 4376 et
1004 4307 1155 4375 tratribus
1178 4306 1293 4375 ibidem
1311 4304 1498 4390 degentibus
1520 4304 1604 4374 circa
1624 4305 1792 4391 Lupzoeko
1807 4307 1871 4376 tria
1883 4308 1972 4376 milia
1984 4329 2074 4377 man·

520 4431 637 4494 rorum,
671 4412 781 4480 talium
815 4412 955 4495 qualium
987 4417 1063 4478 aunt
1091 4413 1175 4479 circa
1206 4413 1347 4478 Aureum
1374 4414 1513 4477 montom
1539 4409 1572 4475 in
1601 4413 1688 4476 terre
1708 4408 1817 4479 fratris
1836 4410 1900 4479 moi
1920 4409 1962 4479 Η.
1984 4411 2075 4479 ducis

521 4516 635 4598 Zleaie,
654 4535 727 4583 cum
747 4516 887 4597 lacubus,
909 4516 1010 4601 aquis,
1033 4515 1158 4600 pascuis
1194 4534 1255 4600 qne
1282 4512 1433 4599 predictis
1458 4511 1561 4579 tribus
1587 4510 1715 4592 milibus
1736 4513 1855 4580 mansis
1876 4531 1939 4581 non
1959 4511 2076 4582 debent

519 4619 720 4687 munerari
741 4618 796 4685 sed
818 4618 903 4703 ploni
925 4638 982 4703 per
1002 4636 1053 4700 se;
1075 4617 1251 4685 cumomni
1272 4616 1341 4683 iure
1361 4621 1395 4682 et
1415 4615 1563 4683 libertate
1580 4615 1613 4682 in
1628 4614 1814 4697 pectoribus,
1830 4615 1983 4700 piscariis,
2006 4635 2073 4685 mo-

521 4724 606 4803 neta,
628 4719 751 4787 iudiciis
772 4725 807 4787 et
826 4720 898 4787 aliis
918 4719 1118 4787 libertatibus
1139 4738 1218 4803 quas
1239 4719 1359 4787 contuli
1380 4737 1453 4786 oum
1475 4718 1578 4803 prima
1598 4716 1779 4798 donatione,
1806 4735 1868 4802 que
1889 4716 1953 4785 sita
1972 4719 2075 4786 estin

521 4824 682 4892 territorio
702 4823 743 4891 de
764 4822 877 4891 Nakol.
922 4824 966 4890 Et
986 4823 1045 4891 hoc
1062 4822 1222 4891 desertum
1251 4824 1284 4889 in
1311 4840 1374 4907 qno
1396 4827 1447 4888 cst
1467 4821 1555 4888 locus
1576 4819 1743 4904 Lupzcslro
1765 4839 1836 4887 cum
1865 4819 1967 4889 tribus
1992 4821 2075 4889 mili·

521 4926 582 4994 bus
617 4927 749 5002 mansis,
787 4925 912 4993 adincet
946 4926 1065 5009 (ostro
1098 4933 1206 4993 nostro
1239 4926 1272 4990 in
1310 4923 1450 4991 Willelm
1486 4927 1677 5006 nuncupato.
1735 4923 1818 4990 Acta
1852 4942 1936 4992 anno
1969 4925 2075 5009 macie

521 5027 771 5099 nccnxxln
793 5029 826 5096 iu
845 5027 983 5096 Sontoch
1009 5029 1080 5095 istis
1106 5026 1318 5112 presentibus:
1348 5025 1447 5093 Paulo
1468 5023 1675 5093 Poznonicnsi
1694 5024 1851 5110 episcopo,
1874 5023 1985 5095 Casino
2004 5046 2075 5111 prc-

521 5132 626 5216 posito
647 5131 785 5207 eiusdem
807 5131 914 5211 casn,
936 5129 1031 5197 Petro
1052 5129 1271 5198 archidiacono
1293 5127 1509 5207 Pornnnicnsi,
1534 5126 1695 5212 Stcphnno
1718 5128 1914 5212 umcollario,
1941 5128 2075 5197 Inrostio

524 5232 696 5304 castellano
724 5234 765 5303 do
793 5232 938 5319 Bomio),
972 5231 1099 5302 Wisoclr
1120 5231 1362 5313 submmomrio
1385 5238 1419 5298 ct
1450 5229 1523 5298 aliis
1548 5248 1643 5315 quam
1669 5228 1823 5314 pluribus.
1863 5231 1978 5299 Postea
1994 5250 2076 5300 vnoro
