4492 6224
1944 379 1992 453 97

259 640 265 655 ,
550 586 661 660 liupo
696 584 1294 662 Arabio.1ra·orocmoreiinbeqoitara
1320 588 1527 651 Melitmuiwa.
1566 586 1763 663 Trcrpsaurupi
1784 584 1997 668 sporzqdzoay
2057 577 2065 625 t

259 706 267 744 r
316 769 320 777 Ι
447 716 465 758 2
495 688 670 767 mppiraalu,
704 694 905 765 oputruoraeoo
934 690 1130 770 plcczpciumr'
1156 691 1266 751 l’urrlc
1293 688 1422 768 bablupo
1456 693 1467 751 i
1499 691 1650 768 Kapitulp
1683 687 1854 753 Pozrrcrialc.
1882 704 1996 766 przez:

446 792 600 864 Iohannes
620 787 795 855 Icnkowicz
815 788 856 856 dc
874 788 1064 870 Numslavia,
1087 789 1254 855 cartouicus
1276 794 1310 855 ct
1331 789 1456 856 official.
1479 787 1833 857 Wrotisluvieus.1417
1856 787 1927 855 Iun.
1943 787 1996 869 23,

448 899 615 967 mamunra
637 890 905 973 Wmtislavicasi3
925 895 1151 974 pocmindzooy
1172 914 1284 974 prm:
1306 893 1502 961 Emestusa
1528 891 1725 976 Schlcynica,
1747 889 1997 974 archiepiscopa-

449 1007 499 1068 ms
524 994 670 1079 Prugerm.
704 995 941 1063 administrator
969 1001 1029 1063 etc.
1065 995 1147 1059 1537
1172 995 1239 1062 Ion.
1271 995 1326 1078 18,
1354 997 1388 1064 in
1410 1015 1483 1064 arce
1511 995 1661 1080 ngensi
1683 1016 1710 1058 m
1732 999 1865 1075 zeazycr'e
1881 1011 1998 1073 perpo-

447 1107 607 1180 Μαι,
627 1119 649 1161 ιι
669 1097 793 1176 kidrcpo
815 1117 857 1163 aa
874 1101 1072 1179 plccioalcuclr
1093 1121 1111 1162 z
1132 1105 1194 1164 aiei
1213 1102 1414 1182 jedacbaocb
1433 1103 1616 1180 fidctormjcb
1634 1102 1863 1180 przywicszono
1880 1098 1995 1177 podlu-

445 1210 561 1288 Μαίη
591 1200 714 1286 piecspd
742 1205 947 1282 przedsiosoiu
967 1218 1095 1281 rycerzc
1116 1223 1143 1264 ro
1168 1202 1317 1282 zupeiody'
1338 1205 1424 1268 zbroi
1445 1213 1615 1284 asportcpo
1637 1206 1780 1287 prosaico
1801 1219 1819 1265 o
1839 1198 1996 1284 uidam,

445 1311 518 1393 iano
541 1304 598 1369 zai
623 1307 850 1391 bzymujqccoo
876 1312 979 1389 turcae
1009 1308 1167 1383 :codena
1195 1315 1351 1371 zotmlem.

554 1406 737 1487 Wurczowu,
767 1410 894 1471 Arcam
921 1407 1042 1472 didone
1060 1413 1111 1474 Ka.
1138 1413 1178 1474 ll.
1206 1413 1289 1487 ὅθί
1314 1410 1381 1473 258
1402 1429 1440 1490 a,
1461 1430 1481 1471 z
1503 1416 1710 1489 croampra
1737 1409 2028 1489 potnicrdzoaepo·

443 1531 552 1598 prm:
585 1507 804 1594 Sigismuudus
836 1528 892 1576 rex
921 1509 1070 1579 Poloniae
1099 1511 1508 1594 etc1544,Piotrkoviaa.

548 1610 685 1680 pomeri.
719 1616 835 1679 Archia
864 1617 989 1694 Cupilul
1012 1616 1074 1681 nu.
1092 1619 1193 1696 privii
1218 1619 1255 1698 E,
1274 1621 1353 1695 puri
1374 1618 1406 1707 2,
1426 1619 1481 1695 sol.
1497 1619 1527 1682 4.

547 1817 585 1886 ln
607 1819 734 1887 uomine
760 1817 865 1885 Patris
890 1822 924 1884 et
948 1817 1023 1885 Filii
1045 1825 1079 1887 et
1100 1818 1238 1905 Spiritus
1260 1821 1362 1888 macti
1390 1839 1492 1888 amen.
1525 1820 1645 1888 Paulus
1665 1821 1726 1888 Dei
1750 1821 1858 1906 gracia
1876 1819 1998 1888 Poena·

447 1923 564 1994 menda
590 1921 770 2006 episcopus,
799 1920 949 2005 nagsuo
975 1927 1009 1989 et
1032 1920 1186 1990 domibus
1218 1922 1492 2009 iherosolymitani
1522 1923 1699 2010 Hospitalis
1732 1924 1766 1991 in
1798 1929 1998 2008 perpetuum.
2087 1935 2093 1943 '

447 2028 526 2111 Quia
545 2029 665 2094 certum
686 2031 737 2092 est
757 2023 957 2109 aliquociens,
984 2025 1079 2092 inuno
1109 2027 1296 2095 multociens
1316 2025 1471 2109 euenisse,
1492 2032 1530 2094 nt
1553 2044 1605 2094 res
1626 2025 1706 2093 satis
1724 2025 1804 2094 bena
1825 2025 1997 2111 dupositas

447 2139 480 2203 et
498 2131 636 2198 urorum
658 2128 837 2214 sapientum
864 2127 1054 2212 approbatas
1080 2131 1224 2198 mancine
1252 2134 1354 2197 mater
1381 2129 1558 2212 oblivionis,
1587 2135 1741 2212 vetustas,
1771 2129 1935 2198 reduceret
1962 2130 1998 2196 in

447 2233 635 2318 ambiguum,
657 2230 741 2298 unde
761 2230 836 2299 lites
856 2237 890 2298 et
909 2231 1020 2316 iurgia,
1039 2231 1251 2301 dissensionis
1272 2240 1307 2301 ct
1327 2233 1524 2302 incommoda
1544 2233 1649 2303 soleam
1670 2233 1802 2315 exoriri;
1823 2234 1865 2301 ad
1886 2233 1946 2302 bec
1962 2239 1999 2302 et

447 2336 560 2408 ducilis
579 2333 759 2416 devitanda,
778 2338 816 2400 nt
837 2333 1086 2420 elemosynarum
1100 2343 1135 2404 et
1149 2337 1341 2420 oracionem,
1356 2337 1544 2421 vigiliarum,
1559 2336 1838 2422 participaeionem
1858 2336 2013 2421 aliquam
2062 2399 2064 2402 ,

447 2439 603 2509 meamus
624 2436 766 2521 adipisci,
785 2436 947 2504 ecclesiam
966 2437 1051 2505 beati
1068 2438 1232 2507 Michaelis
1247 2445 1281 2507 et
1294 2439 1453 2524 hospitale
1469 2438 1504 2506 in
1515 2437 1687 2522 Pocncnia,
1708 2440 1793 2524 quod
1807 2439 1998 2507 Radovanus

447 2541 646 2629 predecessor
666 2545 774 2608 nasim
795 2539 876 2608 bone
895 2541 1044 2616 memorie
1065 2559 1139 2609 cum
1159 2543 1239 2610 duce
1256 2542 1428 2610 Mescboaa
1448 2542 1589 2610 noscitur
1602 2542 1799 2610 instaurasse
1820 2547 1853 2610 et
1872 2540 1914 2611 de
1928 2541 1998 2627 qui·

447 2645 578 2717 busdam
600 2643 738 2727 decimis,
768 2643 863 2712 rebus
892 2651 926 2712 et
954 2644 1203 2730 possessionibus
1234 2644 1367 2713 ecclesie
1398 2650 1506 2712 nostm
1538 2644 1676 2728 causae,
1707 2645 1792 2713 sicut
1814 2663 1836 2713 a
1856 2651 1999 2731 tempore

447 2749 546 2837 ipsius
567 2746 698 2816 ecclesia
719 2747 862 2833 predicta
882 2748 948 2816 sire
965 2747 1123 2832 hospitale
1144 2749 1258 2832 tenuit,
1288 2754 1322 2816 et
1349 2747 1434 2815 deut
1458 2746 1673 2818 adonacione
1693 2754 1836 2834 tempore
1857 2753 2000 2816 anteum

447 2851 527 2921 acria
547 2851 650 2918 nostri
670 2849 844 2933 Benedicti,
865 2850 971 2936 quarti
989 2858 1065 2919 ants
1092 2869 1151 2919 nos
1180 2850 1319 2936 episcopi
1343 2849 1583 2934 Poznaniensis,
1611 2850 1701 2918 vobis
1728 2849 1815 2919 lacta
1837 2869 1938 2936 nsque
1958 2851 2001 2919 ad

448 2973 504 3025 nos
522 2951 651 3041 pacifice
672 2952 873 3040 possedistis:
898 2952 986 3021 robis
1007 2958 1041 3022 et
1062 2974 1120 3040 per
1144 2973 1201 3023 roa
1228 2953 1345 3022 Domrd
1372 2951 1495 3039 meista
1518 2951 1696 3039 Hospitalis
1722 2954 2000 3040 Iberosolymtcni

448 3057 488 3126 de
507 3074 660 3126 consensu
682 3057 785 3125 tocim
806 3053 945 3141 Capituli
967 3056 1098 3126 ecclesie
1125 3063 1247 3140 nostra,
1274 3076 1346 3126 cum
1370 3055 1517 3124 omnibus
1545 3056 1749 3141 pertinencib
1774 3057 1841 3124 suis
1869 3056 1912 3126 de
1935 3056 2001 3126 lum

448 3160 534 3229 ulcu
553 3165 664 3228 nosue
684 3158 817 3228 ecclesia
834 3159 1086 3244 procedentibus,
1107 3160 1254 3230 videlicet
1274 3159 1407 3230 ecclam
1432 3158 1519 3228 beati
1543 3158 1709 3227 Michaelis
1737 3178 1835 3246 supra
1861 3160 2002 3229 dictaei

449 3262 597 3348 bospitali
617 3263 709 3331 iuxta
729 3261 857 3330 Poznan
878 3263 1105 3347 prenominato,
1128 3282 1200 3332 cum
1218 3263 1407 3332 macaris
1432 3268 1467 3331 et
1495 3263 1563 3331 auis
1582 3262 1789 3348 ascriptitiis
1809 3263 1838 3332 ai
1858 3263 1915 3349 qui
1934 3260 2001 3331 fao

449 3365 513 3434 rint
530 3365 660 3436 mimia
680 3371 798 3447 nostre,
820 3370 855 3433 et
875 3383 946 3433 cum
967 3366 1098 3434 decimis
1117 3367 1153 3434 in
1173 3367 1257 3434 villis
1278 3366 1396 3433 uostris
1417 3383 1480 3450 que
1500 3370 1593 3433 aunt:
1620 3364 1801 3449 Milostoro,
1822 3364 2001 3447 Androm,

438 3467 621 3554 .ngonovo
641 3467 728 3554 apud
748 3465 916 3552 hospitale,
938 3466 1073 3552 Welike,
1095 3469 1268 3550 Zucbilass,
1290 3465 1474 3551 Obscenae,
1501 3465 1665 3553 lippniza
1691 3486 1765 3536 cum
1782 3468 1882 3536 servm
1903 3469 2001 3537 ascri·

449 3571 552 3655 pticiis
574 3577 608 3639 et
628 3571 758 3639 decimis
778 3570 976 3655 quarundam
997 3570 1133 3640 aliarum
1152 3571 1300 3638 silurum
1319 3588 1455 3655 quarum
1480 3570 1609 3639 uomina
1629 3570 1689 3639 bec
1705 3576 1798 3638 aunt:
1825 3568 2001 3653 Vriceovia,

450 3671 597 3758 lagodno,
619 3672 757 3755 Sannici,
778 3672 917 3755 Rnscha,
939 3672 1056 3759 Gorga,
1079 3673 1207 3756 Glnka,
1238 3673 1405 3755 costrsen,
1435 3671 1620 3755 Couutoro,
1641 3671 1799 3750 classone,
1822 3671 2002 3758 (lyrnelino,

450 3772 834 3860 vulgassemus
860 3775 931 3844 aliis
956 3777 984 3844 si
1012 3795 1076 3862 que
1101 3776 1235 3845 fuerint:
1263 3776 1326 3844 biis
1353 3781 1461 3844 autem
1486 3777 1632 3844 omnibus
1652 3776 1884 3860 renunciamus,
1906 3783 1943 3846 et
1963 3777 2004 3846 de

451 3879 534 3947 omni
554 3879 623 3949 iure
638 3884 750 3948 nostro
770 3884 806 3947 et
824 3880 961 3963 accione,
976 3881 1062 3966 quod
1075 3879 1125 3949 uel
1138 3900 1235 3966 quam
1251 3879 1386 3948 ecclesia
1399 3884 1510 3947 nosue
1524 3885 1637 3947 contra
1649 3877 1814 3948 aoclasim
1829 3879 2005 3965 predictam

451 3996 505 4048 acu
525 3979 682 4068 hospitale
703 3981 816 4049 babuit
835 3983 885 4051 val
906 3982 1022 4052 babere
1041 3985 1158 4070 potnit,
1180 3983 1319 4052 eedims
1346 3982 1430 4050 bona
1457 3982 1529 4050 fide
1573 3982 1619 4050 lit
1639 3981 1831 4068 prebendam
1851 3983 1887 4050 in
1905 3983 2005 4053 accle-

451 4081 498 4150 aia
517 4089 627 4152 nosma
647 4083 800 4170 predicta,
821 4085 905 4154 sicot
925 4104 996 4154 aam
1014 4085 1107 4156 beate
1128 4087 1278 4155 memorie
1303 4090 1486 4154 anisam
1510 4092 1619 4155 nosoer
1644 4086 1820 4169 Arnoldua,
1849 4087 2005 4156 secundans
2031 4079 2032 4082 ’

450 4191 523 4256 anta
542 4205 602 4257 nos
622 4188 797 4274 episcopus,
819 4187 907 4255 robis
929 4190 984 4273 pia
1003 4180 1196 4259 liberalitato
1210 4189 1382 4257 noncessit:
1404 4188 1453 4256 ita
1470 4194 1508 4255 ut
1526 4188 1669 4274 qmtouic
1682 4189 1723 4258 de
1737 4187 1883 4274 expensis
1896 4190 2006 4258 dcccii

439 4304 544 4372 ,quam
568 4292 719 4359 statuetis
739 4290 856 4358 ibidem
877 4292 1052 4376 contigeret
1073 4311 1247 4377 superesse,
1269 4310 1327 4376 per
1347 4309 1476 4357 manum
1494 4297 1632 4359 naamam
1653 4291 1688 4358 in
1707 4290 1883 4360 subsidium
1902 4297 2006 4360 nans·

451 4392 742 4462 eatinfirmorum:
780 4393 820 4462 de
849 4395 1007 4478 pretaxati
1036 4395 1139 4462 toclm
1169 4393 1309 4478 capituli
1332 4393 1463 4462 ecclesio
1493 4398 1602 4461 nostra
1624 4412 1789 4477 consensu,
1818 4413 1890 4462 cum
1921 4395 2007 4463 omni

451 4492 518 4562 iura
538 4514 597 4566 suo
615 4502 648 4564 et
674 4516 746 4564 cum
778 4496 923 4565 omnibus
951 4499 1141 4582 supradictis
1173 4497 1347 4565 inviolabili
1377 4497 1440 4564 lide
1472 4496 1625 4564 donamus
1651 4502 1686 4564 et
1716 4495 1949 4580 confirmamus,
1971 4500 2006 4564 et

452 4595 533 4664 sicut
553 4617 650 4684 supra
668 4600 787 4667 dictum
809 4606 868 4681 est,
890 4599 930 4668 de
950 4601 1037 4668 omni
1059 4601 1199 4668 οαΙίιιιιιε
1219 4601 1355 4668 amicae.
1393 4599 1531 4667 Nomina
1552 4597 1776 4667 canonicorum
1797 4599 1831 4667 in
1852 4616 2008 4667 consensu

452 4696 513 4766 bio
533 4701 738 4769 mamam
759 4706 793 4768 ct
814 4703 1081 4770 consenciencium
1104 4703 1162 4770 bac
1180 4706 1269 4769 sunt:
1297 4701 1464 4770 Vitozlaus
1478 4702 1625 4783 decanus,
1640 4697 1802 4769 Gerardus
1816 4702 2007 4787 prepositus,

453 4796 546 4868 Vitam
567 4809 684 4886 custos,
717 4802 907 4872 Vincendus
938 4805 1154 4886 macellarius,
1187 4805 1337 4890 Boglalrus
1370 4805 1566 4887 scolasticus,
1599 4805 1769 4882 Fabianus,
1802 4803 2007 4888 Praibislaus,

454 4899 618 4988 Robcrtns,
647 4906 794 4989 Petrcbo,
823 4906 946 4989 Petrus,
969 4907 1111 4991 ligidius,
1142 4895 1314 4988 Robcrtus,
1341 4907 1444 4993 Hugo,
1468 4907 1629 4989 Nicolaus,
1657 4907 1835 4992 Gerassms,
1863 4906 2007 4989 Iacobus,

454 5001 616 5092 lohannes,
638 5008 752 5091 Adam,
773 5009 940 5092 lohannes,
959 5010 1175 5094 Burgknrclus,
1198 5010 1356 5077 Nicolaus.
1401 5010 1469 5079 Hce
1497 5017 1605 5079 autem
1631 5011 1739 5079 omnia
1761 5029 1824 5096 quo
1841 5028 1939 5095 supra
1959 5009 2008 5078 di·

454 5105 564 5189 ximus,
583 5110 622 5178 dc
644 5112 876 5180 nominatorum
899 5113 1120 5179 canonicorum
1141 5131 1216 5198 sepa
1236 5113 1321 5179 dicto
1344 5131 1499 5181 consensu
1519 5113 1609 5181 uobis
1630 5119 1664 5181 et
1684 5113 1802 5181 Domui
1821 5118 1926 5180 vestm
1939 5113 2009 5181 iuro

455 5220 606 5295 parprctuo
626 5214 825 5282 concedimus
847 5214 1049 5298 possidendu3
1071 5223 1105 5282 ct
1127 5224 1164 5283 ut
1186 5215 1244 5283 hcc
1266 5216 1372 5282 omnia
1390 5221 1462 5282 rata
1479 5221 1513 5284 et
1533 5216 1721 5284 inoouussa
1741 5222 1956 5300 permaneant,
1975 5220 2010 5284 ct

457 5316 653 5385 mofirrracio
675 5320 740 5386 siva
762 5320 893 5387 donacio
916 5320 1096 5387 bmnsmodi
1114 5322 1146 5385 iu
1169 5328 1330 5403 presterum
1352 5337 1415 5386 uon
1438 5319 1543 5388 vulcat
1564 5319 1732 5402 infirmari,
1755 5324 1932 5403 presentem
1953 5337 2010 5403 pa·

1819 5438 1855 5494 li
