4574 6240
437 181 438 186 Ὺ
521 243 593 320 ms

517 443 643 513 tionem.
687 447 764 522 llum
794 477 815 526 a
841 459 931 528 nobis
952 458 1073 545 petitur
1098 455 1182 541 quod
1211 456 1330 523 iustum
1358 461 1408 537 cst
1436 462 1470 522 ct
1491 454 1668 534 honestum,
1703 457 1767 520 tam
1792 451 1881 537 vigor
1908 452 2061 536 equitatis

516 564 611 631 emur
630 551 705 618 outo
726 561 822 645 «arrigit
840 562 985 644 untionis,
1015 567 1052 628 ut
1079 560 1111 626 id
1141 579 1198 645 pcr
1218 558 1461 626 sollicitudinem
1483 556 1579 624 officii
1603 555 1704 622 nostri
1721 555 1766 623 ml
1787 554 1927 623 debitum
1946 558 2060 638 perdu-

516 657 608 718 cctur
628 653 779 731 elloelrun.
822 665 1001 750 Eupropter
1022 664 1129 732 dilecti
1151 664 1183 730 in
1201 663 1337 729 Donum
1359 661 1427 742 tilii,
1446 661 1559 727 cestris
1577 659 1671 726 iustis
1685 657 1949 740 postulationibus
1970 668 2062 750 grata

516 765 734 826 mammenus
754 776 895 849 accensu,
916 766 1138 853 possessiones,
1158 764 1191 831 in
1212 764 1337 831 deserto
1363 763 1516 831 territorii
1537 761 1578 829 dc
1599 759 1701 827 Nulel
1723 766 1758 826 et
1783 761 1846 826 tria
1866 760 1954 826 millu
1975 778 2063 828 man·

516 871 623 925 sorum
643 877 822 943 morinorum
845 888 906 954 qne
927 868 1041 936 nobilis
1072 869 1121 932 vir
1148 866 1273 933 ..dux
1295 865 1433 946 Polonic,
1460 883 1499 932 ac
1526 864 1665 930 decimus
1691 862 1858 929 eorundem
1883 880 2064 931 mensorum

517 974 596 1041 qnos
614 966 798 1037 concrulrilis
818 970 920 1038 freter
940 976 1048 1037 noster
1064 1019 1071 1035 .
1089 1019 1097 1036 .
1112 967 1277 1052 episcopus
1292 973 1326 1034 et
1340 965 1447 1033 dilecti
1463 965 1521 1032 tilii
1542 963 1724 1048 Capitulum
1742 963 1966 1045 Pcznanieuse,
1981 964 2064 1033 sicut

517 1061 682 1144 spectabat
701 1068 741 1133 ml
766 1071 928 1140 coenobis
953 1079 988 1139 et
1008 1070 1199 1138 mommerlo
1226 1074 1331 1135 vestm
1361 1067 1490 1150 pietntis
1511 1067 1631 1132 intuitu
1652 1065 1825 1133 liberaliter
1853 1067 2063 1149 contulerunt,

516 1165 612 1245 prout
633 1162 665 1229 in
687 1166 902 1241 instrumentis
923 1190 1031 1241 eorum
1052 1172 1125 1238 inde
1147 1170 1297 1238 coniectis
1317 1168 1436 1234 dicitur
1457 1169 1623 1250 contineri,
1643 1168 1726 1234 sicut
1746 1188 1785 1235 eo
1802 1167 1908 1235 omnin
1928 1169 2011 1259 iuste
2025 1188 2064 1236 oc

515 1261 645 1345 pe'cilicc
664 1266 821 1357 obturetis,
842 1275 930 1342 robis
951 1280 985 1343 et
1006 1292 1063 1360 per
1080 1291 1137 1341 vos
1155 1272 1256 1339 eidem
1278 1270 1470 1338 monasterio
1491 1270 1682 1337 auctoritate
1702 1271 1876 1354 apostolico
1899 1269 2063 1337 continna-

515 1379 586 1431 mns
607 1369 641 1433 ot
661 1378 813 1453 prumtis
834 1378 944 1462 scripti
972 1375 1149 1461 patrocinio
1170 1374 1409 1442 communimus.
1438 1371 1528 1438 Nulli
1545 1391 1621 1457 crgo
1640 1373 1765 1440 omnino
1787 1371 1947 1439 hominum
1969 1371 2063 1438 liccat

516 1461 598 1532 ΜΟ
617 1470 763 1553 Pitinum
789 1486 897 1548 nostre
928 1479 1174 1548 confirmationis
1205 1475 1375 1558 iufringere
1403 1474 1454 1542 vel
1477 1475 1507 1541 ei
1524 1493 1605 1542 ausu
1627 1475 1795 1543 temerario
1815 1474 1982 1543 contraire.
2028 1472 2063 1541 Si

515 1567 713 1652 insaniem
734 1575 792 1649 hoc
813 1589 1004 1668 attemptare
1024 1580 1261 1667 presumpserit,
1290 1578 1538 1662 indignationem
1566 1577 1791 1663 omnipotentis
1815 1576 1875 1644 Dei
1900 1583 1935 1645 et
1955 1576 2064 1643 bento·

514 1687 586 1739 rum
606 1670 694 1742 Petri
713 1685 746 1746 ct
766 1682 856 1753 l‘uuli
875 1685 1089 1771 apostolorum
1110 1682 1179 1750 eius
1199 1698 1235 1748 se
1255 1680 1401 1747 noverint
1417 1679 1627 1746 incursurum
1649 1679 1769 1747 Datum
1782 1680 1925 1764 munic
1939 1677 1970 1746 V
1984 1677 2062 1746 ldus

514 1769 719 1865 ⁸292&me
739 1785 940 1869 pontificatus
960 1785 1064 1857 nostri
1083 1802 1167 1855 auno
1188 1783 1333 1868 septimo.

618 1976 733 2069 nuta,
757 1989 1105 2081 enumerarem
1126 1989 1253 2056 nano.
1275 1984 1391 2071 natu
1413 1988 1526 2053 nmo.

1190 2284 1265 2372 Nn.
1299 2281 1398 2370 159.

616 2470 878 2582 Wlelysslans
896 2483 974 2567 iux
986 2481 1141 2568 l'olonls
1166 2482 1299 2563 1288
1324 2478 1407 2563 ilco.
1434 2482 1478 2576 7,
1503 2477 1546 2561 in
1571 2478 1744 2583 inopum
1773 2501 1946 2565 nmmum
1971 2496 2064 2566 nitas

514 2609 589 2662 suos
610 2591 754 2680 Smdlow
772 2606 807 2669 et
825 2603 995 2672 lasctnilri
1015 2622 1074 2690 pm
1093 2603 1171 2672 rilln
1191 2601 1376 2670 monasterii
1396 2599 1436 2667 do
1456 2599 1663 2666 limosano
1685 2599 1771 2666 dicto
1784 2596 1940 2685 Paipdsie
2079 2681 2081 2685 ,

514 2797 549 2866 h
568 2699 818 2869 me
845 2713 963 2791 appot
991 2711 1216 2789 moratam
1236 2724 1352 2787 prm.-
1377 2702 1558 2771 iinzimirus
1579 2719 1636 2770 ros
1655 2700 1785 2770 Potonio
1810 2699 1895 2770 1362
1915 2701 2008 2770 Febr.
2031 2702 2063 2784 2,

621 2903 822 2980 mnne.
855 2915 976 2981 Archia
1006 2915 1144 2979 moseo.
1171 2913 1346 2977 mcor.
1368 2912 1512 2991 nepum.
1535 2911 1678 2976 latam
1700 2912 1882 3007 nepum

616 3102 656 3173 In
676 3108 801 3179 nomine
820 3111 947 3184 Domini
967 3133 1070 3184 omen.
1113 3113 1247 3182 Noverit
1276 3131 1405 3198 presens
1434 3119 1504 3181 etus
1531 3119 1566 3181 et
1589 3112 1713 3181 noverit
1733 3117 1870 3199 postera
1899 3112 1984 3198 quod
2005 3131 2063 3197 ego

512 3203 730 3291 Wlsclysslsns
758 3209 822 3282 dux
844 3216 973 3286 Polouio
1001 3216 1062 3286 ieci
1091 3215 1247 3284 mmbium
1274 3233 1346 3284 cum
1375 3213 1531 3299 Guydone
1557 3215 1717 3299 preposito
1738 3214 2009 3298 Tmemessyncnsi
2030 3219 2065 3281 et

511 3306 664 3376 mortuus
684 3311 750 3378 suis
770 3314 811 3384 de
827 3318 984 3387 anudzc
1002 3319 1079 3386 ville
1095 3317 1216 3402 pretate
1234 3317 1366 3386 ecclesie
1387 3335 1459 3385 cum
1480 3317 1567 3384 omni
1588 3316 1728 3384 utilitate
1749 3313 1850 3383 eirlcm
1871 3316 1945 3383 ville
1965 3317 2063 3400 perti·

511 3409 611 3493 mu,
632 3427 691 3495 pro
710 3430 775 3497 quo
794 3417 835 3485 elo
855 3419 935 3489 duas
955 3421 1056 3500 villus,
1071 3418 1214 3504 Srydlou
1233 3424 1267 3485 ct
1280 3419 1484 3503 Lossosnylry
1500 3437 1575 3519 cum
1586 3418 1732 3486 omnibus
1745 3417 1973 3506 equippllcntcs
1988 3417 2064 3501 (sic)

511 3509 587 3580 '¹¹¹0
603 3511 754 3597 milicie,
775 3523 810 3585 et
830 3520 934 3591 lacum
961 3522 1001 3591 dc
1029 3522 1190 3591 Ostrnvits
1217 3521 1335 3589 eudem
1362 3520 1519 3613 ndtniuc.
1564 3519 1627 3588 Sed
1653 3522 1730 3607 quio
1754 3520 1893 3589 humana
1913 3521 2064 3588 memoris

510 3611 616 3680 hbilis
635 3631 705 3682 csse
724 3615 907 3707 dinoscitur,
928 3625 1004 3710 quis
1025 3629 1156 3709 propter
1173 3641 1354 3709 processum
1378 3623 1528 3708 temporis
1549 3622 1699 3691 oblivioni
1720 3630 1794 3691 ecto
1809 3623 1988 3705 canuntur,
2003 3622 2063 3691 snb

511 3709 664 3783 cenom
685 3717 823 3788 virorum
846 3727 1026 3794 testimonio
1044 3725 1163 3794 tectum
1185 3726 1218 3791 in
1240 3725 1369 3810 Zneyua
1390 3743 1498 3793 coram
1516 3724 1643 3793 domino
1663 3725 1801 3793 Fulconc
1828 3725 2063 3809 mentepiseopo

512 3816 689 3886 Gnccneusi
710 3826 745 3887 et
764 3823 836 3891 eliis
857 3828 932 3896 viris
953 3829 1131 3909 autenticis,
1154 3845 1288 3911 quornm
1309 3827 1439 3894 nemim
1468 3826 1600 3895 iuferius
1619 3827 1790 3895 ordinatim
1817 3825 1979 3896 dicentur:
2008 3826 2064 3912 do-

511 3918 617 3987 minus
636 3918 735 3990 Fnloo
752 3925 1004 4015 archiepiscopus
1025 3929 1230 4010 Gnezncnsis,
1252 3928 1397 3996 dominus
1419 3928 1592 3996 desiuus
1613 3929 1749 3997 decanus
1771 3928 1975 4011 Gneznensis,
1997 3948 2063 3996 me·

509 4019 609 4104 gista
626 4019 832 4095 wenceslaus
853 4032 1037 4100 scolasticus
1058 4030 1268 4113 Gnezueusis,
1300 4032 1446 4098 dominns
1474 4030 1675 4099 Christianus
1701 4031 1940 4100 orchidiwonus
1960 4030 2064 4098 (ines-

511 4121 628 4206 nensts,
649 4141 753 4192 comcs
770 4127 976 4216 Drngomirus
997 4134 1081 4200 tilius
1102 4132 1191 4201 Petri
1216 4134 1256 4199 de
1282 4132 1370 4218 Slup.
1415 4133 1549 4201 Factum
1574 4142 1626 4202 cst
1646 4134 1680 4200 in
1703 4134 1831 4218 Znepnn
1850 4135 1885 4201 in
1906 4133 2064 4202 cuminam

510 4223 629 4394 dunubigi
657 4225 884 4319 mchiepnmpi
909 4236 943 4303 in
969 4243 1083 4304 octone
1114 4236 1216 4303 macti
1240 4235 1376 4320 Andree
1410 4235 1473 4303 Vll
1503 4235 1579 4303 Iulus
1608 4233 1804 4318 Decembre,
1830 4255 1914 4305 suno
1937 4235 2065 4304 Domini

611 4529 778 4617 Manum,
802 4541 949 4628 peip-ozie.
970 4541 1123 4627 Scyllum,
1140 4547 1306 4624 Szprttm.
1330 4541 1543 4626 Lossosnylcy,
1566 4537 1732 4611 euentu.
1762 4543 1932 4626 Osunvita
1960 4546 2063 4610 Ostro-

509 4637 577 4700 uuo
602 4636 868 4718 ltmzprlrttc.
891 4645 1029 4762 chynn,
1054 4633 1142 4711 inor.
1169 4644 1258 4729 Slnp,
1282 4649 1391 4726 stupu
