4574 6240
1322 728 1396 814 Nr.
1430 726 1500 813 90.

737 920 922 1007 Honorius
948 923 1011 1027 Pp.
1037 922 1102 1006 111
1128 928 1251 1004 1217
1276 922 1378 1008 Febr.
1406 927 1451 1022 9,
1476 921 1668 1023 Laterani3
1691 937 2114 1028 commemorassem
2127 971 2175 1038 pa.

635 1061 704 1111 cem
724 1062 745 1112 n
765 1043 845 1111 duco
865 1043 905 1111 do
924 1043 1032 1111 Kalisn
1054 1063 1125 1111 cnm
1146 1045 1225 1110 duco
1247 1042 1397 1111 Polouiao
1419 1044 1542 1126 initam,
1561 1061 1596 1110 se
1614 1040 1815 1110 confimrasse
1839 1041 1976 1108 nuncmt

742 1150 879 1226 Thebrer,
903 1150 1098 1214 Morarmcatc
1118 1151 1221 1215 histor.
1245 1153 1389 1214 Polorriae
1409 1152 1437 1228 1,
1457 1151 1487 1214 2.

658 1409 661 1415 .
738 1351 898 1421 Honorius
919 1355 1083 1439 episcopus
1104 1354 1198 1440 (eta),
1221 1353 1394 1421 venorabili
1413 1353 1506 1421 fratri
1522 1403 1530 1420 .
1547 1352 1750 1421 ‚Gneznensi
1773 1351 2008 1436 archiepiscopo
2027 1359 2061 1420 et
2078 1360 2179 1433 sulm.

634 1457 742 1542 ganeis
763 1456 832 1524 eius
853 1456 988 1524 salutem
1009 1458 1103 1543 (era).
1137 1457 1249 1525 Preces
1271 1457 1377 1524 dilecti
1407 1456 1465 1522 filii
1491 1455 1605 1522 nobilis
1632 1455 1692 1521 riri
1719 1455 1906 1523 Wlodislaui
1933 1453 2022 1522 ducis
2043 1456 2081 1524 nlo
2103 1460 2181 1536 calis

636 1560 811 1644 recepimus
835 1560 1050 1646 supplicantis,
1077 1565 1114 1627 nt
1141 1561 1399 1645 compositionem
1425 1560 1512 1643 pacis
1538 1578 1600 1642 qne
1628 1559 1713 1626 luter
1741 1559 1846 1643 ipsum
1869 1565 1904 1626 et
1924 1557 2062 1626 nobilem
2088 1565 2181 1638 virum

635 1660 872 1745 Wlodislavum,
893 1667 1042 1747 patruum
1063 1681 1164 1744 suum,
1187 1663 1276 1730 nohis
1298 1661 1374 1748 (sic)
1396 1661 1608 1729 mediantibus
1626 1661 1806 1744 intervenit,
1829 1662 1914 1729 aaut
1934 1661 2112 1731 iuramento
2132 1667 2180 1736 fif.

635 1770 724 1832 mata
744 1770 795 1833 est
816 1766 900 1833 etin
921 1765 1078 1851 publicam
1099 1767 1288 1851 scripturam
1310 1766 1450 1847 redacta,
1478 1765 1680 1850 dignaremur
1707 1764 1881 1849 apostolico
1907 1763 2080 1832 munimine
2099 1771 2182 1840 roho

635 1886 717 1936 rare.
761 1867 915 1950 Quocirca
946 1869 1144 1937 universitati
1175 1877 1278 1938 vestre
1307 1888 1365 1954 per
1395 1868 1571 1953 apostolica
1591 1868 1724 1951 ‘scripta
1752 1866 1962 1951 precipientes
1995 1867 2182 1957 mandamur,

636 1974 793 2054 quatenus
814 1971 1070 2056 compositionem
1090 1971 1203 2057 ipsam,
1224 1972 1308 2040 sicut
1328 1991 1386 2057 pro
1406 1969 1488 2039 bono
1510 1971 1598 2056 pacis
1625 1968 1755 2055 provide
1780 1968 1868 2036 meta
1891 1974 1951 2050 est,
1970 1968 2183 2043 sollicitudinis

635 2079 742 2141 restro
763 2079 910 2141 curantes
929 2074 1103 2142 ministerio
1124 2077 1311 2159 conservari,
1333 2075 1361 2142 si
1382 2093 1448 2160 qua
1469 2075 1610 2159 partium
1628 2071 1670 2141 ab
1691 2091 1731 2139 oa
1753 2078 1871 2138 cernere
1892 2071 2015 2138 resilire
2028 2090 2184 2160 presump

637 2175 726 2259 sarit,
747 2176 1013 2261 presumptionem
1035 2177 1112 2259 eius,
1135 2177 1260 2245 sublato
1281 2177 1505 2262 appellationis
1531 2175 1712 2256 obstaculo,
1738 2191 1982 2259 percensuram
2003 2173 2184 2245 ecclcsiasb·

638 2294 707 2345 eam
729 2279 944 2363 compescatis
988 2278 1107 2346 Datum
1128 2279 1280 2348 Laterum
1301 2280 1330 2347 V
1351 2279 1429 2348 idus
1450 2279 1625 2363 Februarii,
1644 2295 1727 2346 anno
1748 2276 1860 2361 primo.

742 2481 840 2568 cna,
866 2486 980 2553 nasa.

1326 2782 1401 2869 Nr.
1434 2780 1504 2869 91.

741 2974 926 3062 Honorius
950 2977 1015 3083 Pp.
1040 2977 1106 3061 m
1132 2983 1254 3060 1217
1279 2977 1382 3070 Febr·
1408 2982 1459 3077 9,
1484 2978 1678 3083 Laletanit
1701 2995 1814 3066 ducem
1834 2995 1876 3086 ule
1894 2994 2006 3067 sure
2027 2994 2087 3063 suh
2108 2994 2189 3064 beati

637 3095 727 3165 Patri
747 3104 782 3166 et
798 3116 891 3166 suam
911 3099 1138 3183 protectionem
1156 3099 1298 3184 smoipit

731 3201 883 3370 gam,
906 3204 1101 3268 noemma
1121 3205 1225 3268 histor.
1254 3206 1400 3302 Polorrc'ae
1426 3206 1456 3287 1,
1478 3207 1511 3270 3.
1554 3206 1727 3289 Μαναωνὶ,
1756 3207 1959 3285 Marmorea
1998 3205 2126 3270 Italicae
2160 3204 2189 3281 V,

637 3321 711 3385 pao.
797 3347 807 3368 .

742 3506 903 3577 Honorino
927 3508 1092 3594 episcopus
1118 3516 1216 3595 (etc),
1248 3509 1364 3580 dilecto
1390 3510 1456 3580 lilio
1481 3510 1581 3580 nobili
1605 3511 1674 3579 viro
1707 3510 1902 3580 Wlodlslaro
1930 3510 2004 3580 duci
2035 3511 2076 3579 de
2108 3508 2192 3578 calis

636 3609 773 3679 saliam
794 3616 891 3690 (etc).
924 3609 1134 3680 &maneta
1154 3613 1299 3682 Romana
1315 3614 1447 3683 ecclesia
1466 3616 1560 3702 (eta).
1591 3615 1772 3701 Fapropter
1792 3615 1909 3684 dilecta
1928 3616 1964 3682 in
1985 3614 2121 3683 Domino
2136 3613 2191 3695 lili,

628 3713 703 3787 tuis
720 3713 813 3781 iustis
834 3713 1099 3798 postulationihus
1119 3715 1275 3800 inclimti,
1294 3735 1461 3803 personam
1483 3722 1583 3801 tuam,
1605 3724 1726 3785 terram
1747 3723 1782 3786 et
1802 3716 1955 3801 homines,
1977 3717 2189 3804 possessiones

638 3820 674 3885 et
692 3815 758 3884 alla
777 3815 943 3900 bonaque
963 3817 1240 3903 impresentiarum
1261 3820 1494 3888 rationabrliter
1513 3819 1656 3906 possides
1677 3823 1735 3887 aut
1755 3818 1790 3887 in
1810 3818 1954 3888 intnrnm
1980 3819 2074 3887 iustis
2094 3816 2193 3886 modis

637 3921 803 4003 prestante
822 3917 958 4009 Domino
979 3919 1098 4003 poteris
1117 3919 1261 4006 adipisci,
1283 3921 1342 3988 soh
1364 3921 1452 3990 beati
1478 3921 1567 3988 Petri
1588 3927 1623 3988 et
1650 3928 1764 3990 nostra
1789 3923 1986 4007 protectione
2008 3922 2193 4006 amcipimus

638 4025 673 4089 et
688 4019 847 4106 presentis
865 4021 977 4106 scripti
997 4022 1174 4106 patrocinio
1196 4025 1424 4092 oommrmimus
1437 4025 1613 4092 districtius
1630 4024 1819 4108 inhibentes,
1841 4042 1882 4092 ne
1894 4024 2083 4093 venerabilis
2096 4023 2194 4092 trater

638 4127 749 4189 noster
769 4120 963 4190 (lucanensis
984 4123 1237 4210 archiepiscopus
1258 4125 1291 4192 in
1313 4132 1346 4193 te
1367 4126 1418 4194 vel
1440 4131 1557 4194 terram
1581 4133 1680 4210 tuam,
1709 4126 1830 4211 absque
1857 4126 2027 4196 manifesta
2044 4126 2194 4195 et'ratio

639 4222 738 4294 nubili
766 4242 863 4293 causa
887 4230 923 4293 et
946 4227 1118 4294 monitione
1143 4228 1306 4313 premissa,
1330 4231 1522 4297 sententiam
1553 4229 1886 4297 excommunicationis
1916 4231 2100 4315 promulget
2145 4225 2195 4294 lld

639 4326 791 4395 indicium
812 4333 919 4397 autem
945 4328 1124 4397 hrrinsmodi
1153 4330 1282 4398 anobis
1307 4335 1456 4416 percepto
1481 4333 1702 4416 protectionis,
1729 4350 1857 4400 censum
1885 4332 1993 4400 decern
2019 4348 2194 4400 marcarum
2270 4324 2273 4329 ’

640 4429 726 4512 anni,
749 4447 812 4514 que
839 4428 880 4496 de
905 4431 1001 4498 tertio
1026 4432 1061 4498 in
1087 4433 1219 4499 tertium
1243 4451 1362 4500 annum
1383 4440 1416 4500 te
1437 4435 1610 4518 promisisti
1631 4434 1805 4502 liberaliter
1829 4435 2022 4517 soluturum,
2049 4435 2139 4503 nobis
2164 4438 2197 4500 et

640 4531 874 4600 mcooesoribus
893 4533 1012 4600 nostris
1033 4533 1202 4620 persolves.
1246 4535 1336 4602 Nulli
1356 4554 1432 4619 ergo
1456 4537 1541 4620 (etc.)
1569 4542 1679 4604 nostre
1706 4538 1913 4622 protectionis
1939 4543 1973 4604 et
1999 4535 2196 4605 inhibitionis

639 4634 736 4722 (aa).
781 4634 816 4704 Si
837 4637 908 4719 quis
928 4642 1034 4705 autem
1055 4638 1149 4723 (etc).
1192 4637 1313 4707 Datum
1339 4638 1492 4708 Laterani
1513 4638 1544 4706 v
1564 4638 1641 4707 Idus
1666 4639 1846 4725 Februarii,
1867 4639 2072 4727 pontificatus
2095 4637 2196 4708 nostri

641 4755 725 4807 anno
746 4738 860 4824 primo.

745 4940 972 5027 charnas
