4574 6240
497 225 572 306 206

493 429 571 498 litus
589 430 701 500 warte
720 432 754 497 iu
771 429 897 498 Poenas
919 427 1070 499 iratribus
1092 430 1219 500 Ordinis
1239 432 1475 502 Prolicutorum
1498 431 1688 501 contulimus
1709 431 1743 499 in
1764 436 1952 517 perpetuum
1973 450 2046 517 pos·

493 533 667 601 ddeoduru
710 532 762 601 Ad
782 533 957 616 augendam
978 551 1053 600 soro
1075 553 1191 616 arcem,
1212 534 1415 603 fundamento
1435 534 1566 604 claustri
1587 535 1691 603 locum
1713 538 1747 601 ct
1765 534 1929 602 ecclesiam
1944 537 2046 602 sancti

495 633 651 702 Gothardl
673 654 694 703 o
714 637 841 704 domiuo
862 636 1045 720 lloguphalo
1066 636 1212 722 episcopo
1226 638 1433 706 Pozuauiensi
1446 637 1651 718 obtinuimus,
1672 635 1835 705 ecclesium
1849 634 1935 704 beati
1950 636 2046 703 lidul-

495 734 579 805 berti
597 737 741 821 quesita
762 743 812 805 ost
833 738 866 804 in
887 743 994 806 monto
1015 756 1074 823 pro
1096 738 1204 825 eoderp
1223 741 1443 808 commutando
1465 745 1500 807 et
1519 740 1570 806 ius
1594 743 1782 824 patronatus
1806 739 1909 806 eidem
1933 739 2047 806 condo·

495 837 607 907 nando
650 839 804 907 Dominus
825 858 899 906 cero
920 839 1086 925 episcopus
1108 841 1171 908 iam
1200 843 1380 910 nominatus
1407 860 1478 909 cum
1504 840 1678 909 volumtate
1700 845 1734 907 et
1761 857 1893 908 assensu
1917 857 2047 914 suorum

495 941 724 1022 canonicorum,
747 941 964 1009 consenciente
981 941 1154 1024 sacerdote,
1177 961 1286 1012 curoru
1308 943 1536 1028 parrochialem
1557 961 1628 1010 cum
1646 940 1823 1010 redditibus
1837 947 1872 1010 et
1884 942 2047 1010 sacerdote

496 1044 627 1114 ecclesie
648 1044 751 1111 mucci
772 1043 929 1111 Gothardi
950 1044 992 1112 ad
1014 1045 1179 1113 ecclesiam
1199 1047 1415 1130 supradictam
1437 1044 1613 1125 transtulit,
1634 1048 1750 1112 ornatu
1771 1050 1806 1111 et
1819 1045 1933 1112 ceteris
1953 1043 2048 1112 rebus

495 1147 662 1231 utriusque
679 1145 810 1213 eocloeie
829 1162 891 1212 non
912 1147 1054 1214 mutatis.
1097 1147 1168 1214 Tali
1189 1166 1262 1214 vero
1283 1147 1474 1214 ordinationi
1495 1152 1530 1213 et
1549 1145 1723 1226 donationi,
1748 1146 1851 1229 sigillo
1879 1151 1990 1213 nostro
2014 1151 2049 1213 et
2170 1216 2173 1221 ,

495 1234 618 1314 domini¹
634 1245 772 1331 episcopi
792 1246 1014 1314 Poznanieusis
1035 1252 1069 1314 et
1090 1247 1220 1315 ecclesie
1239 1249 1435 1315 knthedralis
1456 1246 1678 1313 Pozueniemsis
1699 1248 1803 1329 sigillo
1832 1246 1930 1314 robur
1958 1237 2048 1312 de'di-

495 1365 568 1417 mus
587 1353 622 1416 et
638 1347 838 1416 munivimus.
881 1347 985 1415 Huius
1004 1353 1113 1416 autem
1135 1349 1188 1416 rei
1202 1348 1248 1415 hii
1275 1354 1372 1416 tostos
1400 1347 1573 1414 aduerunt:
1602 1364 1706 1412 comes
1731 1347 1855 1430 Myron,
1883 1343 2048 1420 Iohnunes,
2149 1343 2152 1350 '

496 1447 625 1530 Isesotn,
646 1448 820 1532 Lutognev,
842 1449 991 1531 Mlodolu,
1013 1449 1267 1531 1acob,Gostec,
1293 1448 1440 1530 Nemera,
1462 1445 1634 1529 Pribzlaus,
1654 1447 1873 1528 Wencsslaus;
1894 1445 2050 1531 cupellaoi

497 1549 660 1635 Detrigus,
682 1551 877 1633 Ammosius,
898 1550 1041 1634 lacobus,
1061 1551 1250 1636 Stephanus,
1272 1551 1476 1619 venceslaus.
1520 1549 1639 1616 Datum
1666 1548 1700 1616 in
1729 1549 1859 1618 Gnerna
1886 1567 1971 1620 cuno
1996 1548 2049 1616 In·

496 1653 688 1723 cornationis
708 1652 836 1721 Domini
855 1651 1099 1767 Mddxhlssl,
1117 1653 1296 1723 ludiocione
1314 1652 1462 1722 secunda

1177 2052 1264 2142 Nc..
1284 2046 1386 2139 244

601 2244 712 2330 ruso
746 2245 897 2331 ocolosh
928 2244 1127 2330 doemone
1161 2197 2050 2352 emhieplsoop.124ttisbr.6,iuhourln·

498 2347 629 2449 oculo
653 2368 860 2451 pureum,
882 2365 1107 2452 scrumosum
1128 2371 1162 2435 et
1183 2366 1364 2436 menum
1385 2366 1530 2435 nucum
1551 2364 1725 2433 cineum
1740 2362 2051 2433 arenearum.

498 2467 669 2538 contulisse
690 2468 882 2536 monasterio
903 2467 943 2536 de
962 2467 1102 2538 Lubrica
1123 2469 1278 2554 quaedum
1299 2469 1383 2538 bono
1403 2470 1439 2538 iu
1459 2468 1645 2539 castellonio
1665 2468 1706 2536 de
1727 2466 1836 2538 Kolisc
1856 2467 1931 2553 sits,
1953 2468 2051 2537 certis
2181 2563 2183 2566 y

498 2569 757 2740 magam
778 2570 919 2755 w?
927 2677 1032 2740 Sloots
1052 2678 1144 2742 Arcb.
1173 2677 1295 2758 Olobolr,
1317 2680 1395 2741 Actu
1412 2679 1467 2755 sol
1490 2677 1540 2740 u.
1583 2672 1696 2759 (Kopio
1717 2694 1736 2738 ι
1756 2693 1845 2754 perp.
1865 2671 2051 2756 moise)-

501 2775 614 2854 ruoz,
636 2778 767 2842 ocos.
788 2778 948 2863 mone,
971 2780 1119 2844 umus
1141 2786 1285 2844 marene
1312 2781 1464 2844 cauom
1478 2796 1508 2842 u
1522 2778 1621 2861 raro,
1641 2778 1689 2842 oo.
1704 2777 1889 2858 rso-rar,
1907 2778 1964 2856 sor.
1978 2775 2052 2840 crs.

605 2977 644 3047 In
661 2979 788 3048 nomine
808 2985 918 3048 sancte
938 2979 1106 3049 ibinitatis
1126 2981 1328 3066 eiusdemque
1348 2979 1508 3048 individue
1529 2977 1674 3048 Unitstis
1695 2995 1798 3046 emen
1842 2976 1998 3058 oronam
2016 2984 2054 3046 ut

501 3079 550 3150 alt
569 3079 731 3151 solomon:
753 3079 828 3150 Non
849 3086 900 3150 est
920 3083 1074 3151 maiorum
1094 3083 1256 3166 memoria,
1275 3081 1331 3151 sed
1351 3100 1412 3151 nec
1431 3100 1542 3150 eorum
1568 3081 1697 3168 quidem
1718 3099 1782 3165 que
1806 3085 1919 3167 postes
1943 3079 2054 3150 lutura

500 3187 577 3252 sunt
597 3184 659 3251 erit
679 3183 858 3253 recordacio
880 3184 965 3270 apud
991 3204 1044 3254 eos
1070 3186 1126 3272 qui
1148 3185 1248 3254 futuri
1276 3190 1352 3254 suut
1375 3185 1410 3252 in
1434 3183 1632 3253 novissimos
1648 3182 1861 3252 marium
1886 3187 1938 3251 est
1963 3189 2055 3267 gestu

500 3287 663 3371 presencia
686 3286 843 3373 scripture
875 3287 1064 3358 adminiculo
1097 3289 1313 3358 commendare
1340 3288 1490 3357 memorie
1521 3293 1731 3373 posterorum
1782 3285 1960 3371 Eapropter
1993 3303 2052 3353 nos

500 3386 600 3458 Fulco
622 3388 729 3456 dirius
749 3390 955 3459 miseracione
975 3392 1106 3461 ecclesie
1124 3392 1318 3460 Gnecnensis
1339 3391 1593 3475 montepisoopus
1613 3395 1726 3458 uotum
1747 3387 1877 3457 incisum
1899 3392 1966 3456 tum
1982 3408 2055 3474 pre-

500 3488 644 3559 sentibus
664 3508 759 3576 quam
781 3490 906 3575 futuris,
928 3492 1013 3577 quod
1034 3493 1223 3562 Wirbenthn
1243 3501 1278 3562 et
1297 3493 1457 3563 Betslswa
1477 3492 1590 3561 relicta
1617 3490 1790 3559 Clementis
1818 3489 1976 3577 quondum
2003 3509 2056 3559 cn·

501 3590 639 3687 stadsni
657 3591 883 3676 cracoviensis,
915 3595 954 3663 de
976 3614 1130 3665 consensu
1150 3614 1293 3664 sororum
1317 3597 1358 3664 de
1383 3595 1541 3665 Stanatelr
1568 3595 1772 3664 contulerunt
1796 3594 1989 3662 monasterio
2015 3592 2056 3660 de

501 3692 634 3778 Lubnic,
655 3696 815 3764 sororibus
836 3695 964 3766 Ordinis
986 3698 1213 3781 cisterciensis,
1244 3718 1351 3768 coram
1372 3698 1463 3766 nobis
1491 3696 1683 3765 hmeditates
1712 3697 1791 3764 sites
1817 3697 1851 3763 in
1872 3695 2057 3763 mstelhnis

501 3796 673 3867 Kalisiensi
693 3803 728 3865 et
748 3799 781 3865 in
802 3801 941 3885 presenti
963 3802 1078 3887 pagina
1098 3808 1279 3884 annotatas,
1299 3801 1446 3870 vilelicet
1467 3800 1617 3884 Lubnice,
1638 3799 1824 3882 Kouareuo,
1844 3797 2055 3879 Pudlislrowo‚

501 3897 683 3983 Obroscino,
709 3899 874 3985 Milesyno,
901 3900 1120 3987 Ochendzyno,
1150 3902 1318 3985 Scomlino,
1345 3921 1402 3988 pro
1437 3901 1575 3970 remedio
1607 3902 1787 3970 animarum
1813 3919 1942 3968 suarum
1970 3899 2057 3966 omui

501 4001 564 4071 luri
581 4002 667 4089 quod
687 4001 805 4071 hubent
825 4004 875 4071 sel
897 4003 1012 4072 habere
1033 4012 1183 4088 poterant
1203 4006 1237 4072 in
1257 4005 1350 4073 dicu's
1372 4003 1603 4073 hereditatibus
1624 4005 1658 4072 in
1676 4023 1790 4072 manus
1804 4009 1929 4071 nostrus
1938 4019 2057 4072 renum

503 4104 637 4187 ciuntes3
660 4103 719 4173 hnc
740 4104 866 4174 adiecto
883 4107 1074 4191 condicione,
1098 4108 1182 4193 quod
1204 4109 1232 4175 si
1253 4108 1422 4191 exaliqua
1442 4126 1538 4176 causa
1556 4109 1721 4192 contingat
1742 4125 1797 4175 eas
1819 4106 1860 4174 de
1880 4105 1967 4174 dicto
1989 4124 2057 4172 mo-

502 4206 643 4275 nasterio
664 4207 817 4290 recedere,
836 4209 976 4292 predicte
994 4209 1186 4278 hereditates
1208 4229 1279 4278 oum
1299 4211 1386 4277 omni
1404 4211 1473 4277 iure
1494 4228 1552 4277 suo
1574 4210 1614 4277 sd
1637 4210 1863 4277 monasterium
1885 4210 1925 4276 de
1943 4207 2058 4276 Stana-

503 4308 561 4378 tok
591 4315 799 4377 revertantur.
844 4310 1038 4379 Adiecerunt
1069 4313 1179 4394 ocium
1210 4312 1295 4395 quod
1326 4313 1354 4379 si
1385 4312 1538 4380 moniales
1566 4312 1606 4379 dc
1637 4311 1761 4380 Olobolr
1790 4311 1822 4378 in
1851 4310 1992 4379 Lubnice
2022 4329 2058 4377 se

504 4409 676 4481 usuueme
697 4410 865 4495 voluerint,
886 4432 942 4481 eas
963 4432 1087 4482 sorores
1109 4416 1149 4482 de
1170 4413 1292 4481 Lubnic
1313 4432 1385 4481 cum
1406 4413 1637 4481 hereditatibus
1658 4413 1709 4481 hic
1722 4412 1902 4496 descriptis:
1924 4411 2058 4496 Olobolr,

503 4510 640 4595 innocuo,
667 4511 849 4595 Chrosciuo,
877 4515 1061 4598 Neselcowo,
1087 4516 1285 4597 Mislakouo‚
1314 4515 1519 4596 Dmszkowo,
1547 4515 1733 4597 Gluchowo,
1765 4514 1876 4597 Brozu,
1907 4514 2058 4598 Kurotro,

503 4614 643 4701 recipere
664 4621 845 4697 teucuntur3
867 4616 923 4684 sed
945 4619 973 4683 si
993 4636 1117 4685 sorores
1136 4618 1177 4686 de
1198 4616 1323 4684 Olobok
1342 4617 1422 4683 olias
1448 4617 1663 4683 transiverint·
1679 4635 1776 4701 quam
1795 4616 1829 4683 in
1856 4615 1989 4699 Lubnie,
2010 4616 2059 4683 ni·

504 4715 691 4787 chilominus
711 4716 851 4801 predicte
873 4718 1066 4786 heraditum
1087 4719 1249 4787 sororibus
1270 4720 1302 4786 in
1323 4718 1443 4786 Lubnic
1465 4717 1664 4802 spectabunt
1693 4717 1738 4785 Et
1751 4724 1789 4784 ut
1810 4736 1939 4804 presens
1959 4719 2058 4803 scrip·

505 4823 574 4887 tum
594 4816 692 4886 robur
712 4819 855 4888 obtineat
876 4819 1046 4903 firmitatis,
1066 4819 1197 4889 lecimus
1219 4824 1322 4906 ipsum
1343 4821 1445 4888 nostri
1466 4821 1562 4904 sigilli
1584 4821 1757 4888 munimine
1776 4821 1918 4889 roborari
1938 4821 1972 4888 in
1987 4840 2059 4906 pro-

503 4921 610 4990 seucia
630 4922 816 4989 venerabilis
838 4921 947 4990 fratris
980 4924 1080 4990 nostri
1102 4923 1261 4991 Prundote
1288 4923 1505 4991 Craoociensis
1534 4923 1682 5006 episcopi,
1718 4924 1787 4990 eius
1813 4924 1916 5008 sigillo
1942 4922 2057 4991 ibidem

435 5015 441 5024 ’
504 5024 661 5110 apposito,
683 5030 718 5091 ct
737 5025 809 5091 aliis
831 5025 945 5092 ibidem
966 5019 1189 5093 existentibus:
1220 5025 1315 5094 Petro
1341 5025 1501 5109 preposito
1522 5024 1562 5090 «le
1584 5024 1685 5106 Idolis,
1714 5024 1856 5092 Amoldo
1874 5032 1909 5092 et
1928 5023 2060 5092 Bultha·

504 5142 578 5195 sero
605 5126 754 5194 canonico
779 5126 981 5211 (inconcusi
999 5127 1142 5196 Gerurdo
1168 5129 1318 5196 cunonico
1351 5127 1453 5195 suncti
1475 5127 1610 5212 snuroe,
1637 5125 1809 5194 wilhelmo
1835 5134 1870 5196 et
1895 5126 2060 5213 Gregorio,
