4574 6240
795 599 845 675 bd

794 801 890 868 immo
909 800 1085 885 predictum
1104 798 1372 882 archiepiscopum
1394 798 1513 865 habens
1532 797 1564 862 in
1586 795 1681 879 pleno
1702 794 1880 862 reverentia
1899 799 1934 863 ot
1955 794 2083 872 bonore,
2115 798 2147 859 te
2168 791 2229 859 sibi
2255 823 2261 853 ;

794 904 855 987 his,
874 905 970 971 immo
991 902 1059 970 Doo
1080 902 1113 968 in
1134 902 1220 987 ipso,
1253 902 1364 968 humili
1386 900 1602 968 satisfactione
1623 901 1779 981 corroilies,
1816 900 1849 966 in
1870 898 1985 984 quibus
2007 905 2039 965 te
2062 904 2188 966 constat
2208 899 2285 969 diei

793 1007 989 1076 iracundiam
1010 1023 1205 1090 provocasse.
1228 1003 1397 1088 Speremus
1416 1004 1517 1084 onim,
1539 1003 1622 1086 quod
1644 1004 1671 1068 si
1694 1021 1861 1069 convorsus
1882 1003 1984 1086 egeris
2004 1002 2226 1086 penitentiam,
2248 1013 2281 1073 ot

743 1186 747 1194 ,
793 1109 866 1178 dem
887 1108 1121 1191 archiepiscopo
1143 1113 1295 1191 tanquam
1316 1107 1401 1190 patri
1424 1112 1479 1172 tuo
1500 1105 1590 1172 liliati
1611 1105 1777 1172 devotione
1798 1105 1956 1174 studueris
1977 1105 2139 1186 adherere,
2161 1121 2222 1172 sua
2235 1111 2268 1174 te

794 1212 860 1280 rita
880 1209 1109 1296 promovebunt
1129 1209 1163 1275 in
1184 1209 1308 1291 multis;
1346 1215 1458 1292 utpote
1479 1227 1574 1293 super
1595 1227 1667 1293 quo,
1690 1208 1778 1275 velut
1799 1207 1964 1290 credimus,
1986 1209 2035 1276 ita
2056 1207 2124 1275 Deo
2146 1226 2238 1292 comp
2256 1239 2287 1269 ,ι

794 1319 834 1381 ut
853 1331 913 1399 pro
933 1311 1131 1379 subditonrm
1152 1312 1256 1380 salute
1277 1331 1340 1379 nou
1362 1312 1511 1379 meriatur
1529 1313 1630 1395 ipsius
1651 1311 1795 1395 precibus
1816 1309 1998 1394 defuturus,
2019 1312 2075 1396 qui
2097 1329 2154 1396 pro
2177 1312 2279 1381 tutela

643 1485 647 1492 .
794 1414 969 1487 cleshstioe
989 1414 1147 1482 libertatis
1165 1433 1257 1481 sunm
1278 1414 1457 1499 specialiter
1476 1415 1623 1498 spiritum
1644 1414 1819 1482 suscitavit
1842 1413 1957 1482 Predia
1970 1432 2096 1498 quoquc
2116 1414 2165 1482 vel
2179 1413 2260 1496 alia,

795 1519 862 1588 siut
871 1518 1084 1588 ecclesiastica
1094 1518 1160 1586 sive
1170 1517 1406 1603 patrimonialia
1418 1515 1580 1599 beneficia,
1595 1516 1709 1602 quibus
1724 1517 1843 1584 dietum
1858 1515 2137 1600 archiepiscopum,
2159 1515 2210 1584 vel
2224 1536 2278 1585 eos

796 1622 857 1691 sibi
880 1620 922 1690 ad
951 1619 1163 1688 defensionem
1185 1621 1314 1689 ecclesa
1336 1622 1508 1689 astiterunt
1529 1621 1713 1706 proponeris
1734 1621 1895 1704 spoliasse,
1916 1639 1987 1688 cunr
2008 1619 2163 1687 fructibus
2182 1619 2256 1688 inde
2286 1658 2287 1697 ι

796 1725 897 1810 ceptis
918 1723 1035 1791 eisdem
1056 1723 1224 1791 restituere
1245 1743 1309 1791 non
1328 1730 1510 1809 postponas,
1531 1732 1566 1791 et
1587 1730 1660 1792 tuos
1679 1723 1900 1791 nichilominus
1921 1722 2080 1807 subditos,
2112 1723 2154 1791 ad
2174 1723 2240 1809 ple·

796 1826 1032 1896 restitutionem
1054 1845 1163 1894 eorum
1184 1845 1246 1910 qne
1267 1826 1331 1892 illis
1352 1833 1428 1892 snut
1446 1825 1554 1894 ablata
1572 1846 1631 1911 per
1651 1827 1755 1910 ipsos,
1790 1825 1911 1894 tradita
1936 1826 1996 1893 tibi
2028 1831 2187 1911 potestate
2213 1845 2281 1895 com

795 1929 854 2000 ua
877 1929 1107 1998 Nicbilominus
1125 1929 1222 1996 etiam
1235 1929 1406 1998 monachos
1427 1929 1467 1996 de
1487 1929 1650 1997 Molchiua
1669 1947 1749 2014 quos
1768 1928 1881 1997 diceris
1902 1930 2075 2016 expulisse,
2109 1929 2212 1998 redire
2226 1931 2268 1997 ad

795 2033 971 2102 umbriam
992 2050 1084 2099 suum
1104 2038 1138 2100 et
1152 2050 1279 2100 manere
1300 2031 1334 2098 in
1352 2051 1389 2100 eo
1411 2051 1483 2100 cum
1504 2031 1619 2100 debita'
1633 2031 1782 2100 libertate
1801 2022 1978 2116 permittas.
2000 2031 2160 2115 Alioquin,
2179 2039 2280 2117 quant

796 2153 921 2219 cunque
941 2134 1032 2202 nobis
1052 2134 1221 2203 molestum
1242 2134 1360 2202 existat
1380 2140 1414 2202 te
1434 2134 1468 2201 in
1486 2134 1593 2220 aliquo
1614 2134 1793 2216 molestare,
1826 2134 1903 2219 quia
1923 2140 2029 2202 tamen
2050 2134 2173 2202 deferre
2194 2135 2261 2203 Deo

795 2237 845 2323 gis
866 2256 963 2323 quam
983 2237 1103 2305 homini
1122 2256 1181 2305 nos
1203 2243 1345 2323 oportet,
1365 2238 1568 2306 senteutiam
1590 2256 1685 2322 quam
1706 2236 1867 2322 predictus
1888 2237 2142 2323 archiepiscopus
2163 2237 2241 2306 molit
2260 2258 2286 2306 ιι

796 2345 928 2426 propter
945 2339 1055 2425 aliqua
1074 2340 1316 2426 promissarum,
1353 2341 1402 2408 rel
1436 2347 1567 2426 propter
1587 2341 1694 2408 omnia
1727 2341 1901 2410 sedetiam
1922 2346 2054 2425 propter
2071 2339 2197 2424 singula
2216 2360 2278 2426 que

699 2479 703 2486 ·
794 2442 952 2512 hacteuus
972 2442 1007 2510 in
1027 2443 1208 2512 libertatem
1229 2444 1473 2512 emlesiasticam
1493 2445 1677 2525 attentasti,
1706 2444 1756 2510 vel
1784 2442 1869 2528 qnod
1890 2442 1984 2524 absit,
2006 2443 2041 2510 in
2061 2448 2224 2527 posterum
2244 2463 2265 2510 a

797 2545 929 2628 teredo,
958 2544 993 2612 ln
1013 2551 1047 2614 te
1068 2546 1118 2613 rel
1139 2546 1211 2613 illos
1233 2547 1288 2632 qui
1309 2545 1462 2616 beheim
1482 2567 1540 2617 sna
1560 2549 1601 2616 de
1620 2567 1717 2615 mann
1740 2552 1796 2616 tua
1815 2549 2026 2633 susceperint,
2062 2566 2119 2615 seu
2139 2552 2172 2615 te
2193 2546 2228 2613 in
2248 2567 2287 2613 ro

795 2648 1046 2735 presumpserint
1058 2650 1401 2734 persecutioneiovere,
1423 2652 1654 2720 rationabiliter
1667 2651 1794 2718 durent
1806 2649 2075 2735 promulgandam,
2098 2649 2280 2718 firmitatem

796 2751 953 2822 mimus
973 2750 1113 2820 debitam
1131 2752 1283 2836 obtinere,
1304 2755 1535 2823 venerabilibus
1555 2746 1708 2822 iratribus
1721 2753 1839 2820 nostris
1860 2801 1889 2820 ..
1903 2752 2066 2837 Praqensi,
2089 2801 2120 2820 ..
2137 2751 2280 2820 Olomu

798 2853 995 2923 ..hliunensi
1016 2861 1050 2923 et
1063 2855 1218 2924 universis
1230 2856 1469 2925 Poloniensibus
1490 2857 1645 2944 episcopis
1666 2855 1866 2941 precipiendo
1885 2854 2082 2936 mandantes,
2104 2861 2142 2923 nt
2163 2873 2243 2936 eam,
2269 2882 2283 2912 ι

795 2957 1028 3026 rationabiliter
1047 2956 1115 3025 lata
1127 2955 1233 3041 luerit,
1257 2961 1381 3044 quoties
1394 2960 1436 3027 ab
1449 2978 1488 3028 eo
1501 2958 1620 3028 luerint
1632 2959 1787 3044 requisiti,
1808 2957 1964 3044 usquead
1978 2956 2226 3025 satisfactionem
2240 2976 2287 3026 cor

795 3077 891 3146 gnam
911 3059 1104 3128 auctoritate
1121 3066 1233 3129 nostra
1252 3061 1371 3131 iaciant
1391 3063 1616 3131 inviolabiliter
1634 3062 1811 3131 observari:
1834 3060 1966 3145 singulis
1985 3060 2151 3128 dominicis
2172 3067 2207 3129 et
2227 3059 2287 3128 ies

795 3159 924 3246 dicbus,
950 3162 1085 3248 pulsatis
1106 3165 1266 3249 campanis
1287 3171 1322 3232 et
1342 3165 1482 3233 candelis
1502 3166 1656 3248 accensis,
1677 3164 1861 3233 solemniter
1881 3164 2068 3232 innovantes
2089 3163 2241 3231 eamdem

795 3269 865 3333 tum
887 3264 988 3333 nome
1006 3264 1092 3351 apud
1113 3273 1258 3337 sanctum
1279 3267 1409 3337 Petrum
1428 3268 1461 3336 11
1482 3268 1591 3337 Nonas
1612 3267 1763 3351 bunarii,
1784 3284 1868 3334 anuo
1888 3284 1983 3335 nono.

784 3425 786 3430 ’
898 3456 1078 3556 nouum
1091 3475 1233 3556 noman

1481 3669 1557 3759 Νι.
1588 3634 1659 3759 43

898 3861 1140 3948 Innocentius
1166 3864 1232 3970 Pp.
1252 3864 1317 3949 111
1342 3871 1481 3951 1207
1507 3866 1591 3952 lan
1618 3871 1661 3965 4,
1686 3867 1799 3950 Rome
1825 3868 1925 3972 apud
1950 3889 1980 3950 s.
2000 3866 2166 3972 Petrum3
2217 3884 2260 3952 on

794 3979 945 4051 Polouiae
966 3983 1106 4066 mandat,
1128 4003 1169 4052 ne
1187 3985 1360 4055 solutiones
1381 3987 1573 4056 damnumum
1593 3987 1776 4073 impediant

898 4083 1075 4169 Brdquiprm
1095 4097 1126 4153 ct
1147 4092 1190 4153 dur
1215 4091 1306 4156 stou.
1328 4092 1509 4171 biploornta,
1531 4093 1657 4156 cdcrm
1678 4098 1733 4156 cta
1757 4093 1807 4172 II,
1825 4111 1861 4172 p.
1883 4093 1977 4156 10³0.

897 4287 1063 4358 Universis
1084 4290 1215 4359 ducibus
1235 4291 1270 4358 in
1290 4292 1423 4361 Polonia
1443 4294 1636 4363 constitutis.
1658 4293 1693 4361 Si
1715 4295 1863 4379 cuiquam
1875 4313 1915 4363 ex
1929 4294 2018 4362 vobis
2032 4294 2164 4363 dixisset
2178 4295 2286 4364 Dom‘·

649 4468 654 4475 ,
794 4389 913 4460 decime
934 4410 972 4459 ac
993 4392 1131 4476 primitie
1150 4399 1205 4460 tue
1226 4400 1315 4462 sunt:
1348 4397 1610 4480 quemadmodum
1631 4416 1684 4464 aas
1718 4398 1928 4465 assentanea
1949 4416 2028 4481 esse,
2061 4399 2202 4508 possetis
2214 4397 2246 4467 io

793 4493 879 4579 ipsas
900 4512 1010 4562 aarum
1031 4494 1226 4563 debitoribus
1247 4498 1433 4567 condonare.
1471 4499 1552 4568 Cum
1573 4504 1681 4566 autem
1702 4499 1806 4567 ahena
1826 4499 1935 4584 largiri
1953 4519 2152 4586 nequaquam
2179 4500 2280 4569 ossei

793 4595 905 4664 ruditas
923 4596 1077 4680 rideatur,
1097 4597 1137 4665 do
1155 4599 1322 4670 nobilitate
1342 4608 1449 4670 vestra
1463 4621 1527 4670 non
1542 4620 1708 4686 pomnmus
1723 4622 1786 4670 nou
1803 4602 1922 4685 mirari,
1944 4602 2040 4688 quod,
2062 4604 2144 4670 sicut
2157 4604 2264 4688 accepi
2284 4633 2287 4660 ι

794 4716 866 4768 cum
887 4697 1047 4765 interdum
1061 4698 1111 4766 uel
1132 4701 1372 4788 obsequentium
1394 4706 1482 4773 vobis
1500 4725 1702 4774 remunerare
1724 4707 1847 4774 labores
1878 4707 1928 4775 vel
1949 4707 2129 4793 aliquorum
2149 4708 2275 4775 devotio

793 4799 883 4868 robis
904 4800 1068 4868 intenditis
1090 4821 1273 4888 procurare,
1306 4808 1391 4892 ipsos
1412 4808 1452 4874 de
1472 4808 1573 4893 moto,
1594 4828 1666 4878 eum
1687 4811 1728 4877 de
1749 4811 1817 4878 iure
1839 4810 1966 4879 minime
1988 4811 2130 4894 ualeam,
2153 4813 2278 4879 asolut

793 4903 985 4972 decimarum
1004 4902 1184 4989 absolvitis3
1216 4910 1320 4975 minus
1342 4909 1475 4978 forsitan
1497 4913 1640 4980 iniuriari
1660 4913 1727 4980 Deo
1749 4919 1916 4998 putantes,
1952 4915 2101 5000 quoniam
2128 4916 2192 4982 ista
2212 4921 2283 4982 sust

793 5011 828 5074 et
849 5005 1012 5089 inaperta
1034 5012 1172 5075 vostram
1194 5010 1340 5080 iniuriam
1359 5031 1422 5080 non
1437 5015 1571 5098 repellit
1593 5014 1642 5082 Ne
1654 5015 1779 5099 quando
1801 5017 1899 5100 igitur
1913 5017 2003 5084 vobis
2017 5017 2171 5085 Dominus
2186 5019 2286 5085 irasca

794 5106 883 5176 otiu
903 5111 972 5174 toto
994 5113 1099 5174 vestro
1121 5129 1177 5177 vos
1199 5114 1311 5195 puniat
1331 5117 1385 5201 qui
1408 5135 1497 5185 suam
1521 5124 1639 5186 temere
1660 5120 1849 5203 particulam
1863 5123 2078 5202 contrectatis,
2111 5122 2285 5188 universita

655 5209 656 5213 ’
793 5215 933 5279 rosham
954 5226 1117 5278 monemus
1136 5216 1291 5284 attentius
1311 5224 1343 5286 et
1364 5220 1530 5288 hortamur
1550 5240 1607 5306 per
1628 5222 1804 5306 apostoliea
1824 5223 1944 5306 scripta
1965 5223 2161 5307 mandantes,
2193 5243 2258 5309 qua
2279 5250 2287 5279 ι

793 5331 816 5381 a
837 5310 1017 5381 umeriute
1038 5311 1217 5383 huiusmodi
1238 5319 1278 5386 de
1300 5327 1404 5390 cetero
1426 5322 1625 5406 doslstentoe,
1647 5343 1712 5391 non
1733 5324 1912 5409 impediatis
1933 5344 1991 5392 neo
2011 5325 2136 5394 faciatis
2149 5326 2258 5412 aliqua

796 5412 954 5499 impediri,
984 5415 1152 5494 quominus
1173 5420 1292 5489 decime
1314 5423 1380 5490 suis
1402 5424 1543 5492 ecclesiis
1564 5443 1636 5492 cum
1658 5426 1843 5510 integritate
1863 5427 1971 5495 debita
1992 5429 2221 5512 persolvantur.
2278 5460 2279 5466 ¹

791 5517 869 5604 quin
883 5516 1083 5604 renuntiem,
1105 5541 1201 5608 quam
1215 5525 1403 5594 venerahilis
1416 5525 1516 5596 irater
1534 5533 1642 5596 noster
1656 5578 1680 5596 ..
1698 5527 1891 5597 Gnesueusis
1904 5529 2157 5616 archiepiscopus
2175 5531 2207 5598 in
2221 5549 2277 5598 uos
