4492 6224
677 407 726 487 26

669 608 799 680 Polonio
819 609 995 679 absolutum
1017 609 1254 697 quibuscunque
1275 613 1461 678 censeantur
1481 609 1669 685 nominibus,
1690 607 1760 677 iure
1781 604 1972 677 hereditario
1989 605 2211 692 possidendam

668 711 773 782 Huius
794 714 841 782 rei
862 719 960 782 testes
981 722 1071 782 sunt:
1098 713 1251 780 lurostius
1275 713 1434 799 palatinus
1456 712 1650 788 Kalisiensis,
1669 711 1784 779 Brouis
1806 712 1995 780 castellanus
2016 710 2211 801 Gnvunensiq

668 815 841 885 Odollunus
858 818 1016 903 pineuma,
1038 817 1133 885 Ilicus
1155 819 1346 904 capellanus,
1368 823 1402 884 et
1423 835 1517 901 quam
1538 816 1644 901 piures
1665 816 1721 882 alii
1742 816 1803 884 lide
1823 815 1919 900 digni.
1942 815 2059 881 Datum
2080 815 2113 882 iu
2133 819 2212 893 Gne-

668 938 729 988 sna
749 938 832 988 anno
852 919 979 988 Domini
1000 921 1166 989 millesimo
1188 922 1358 990 centesimo
1378 921 1608 1005 septuagesimo
1628 920 1738 999 tercia
1773 917 1875 1003 pridie
1896 916 2055 984 Kdendus
2073 916 2211 1004 Septem.

668 1021 744 1107 bris,
773 1022 948 1091 Indictione
969 1029 1069 1092 sexta
1102 1023 1150 1093 Ut
1170 1032 1277 1092 autem
1299 1023 1358 1092 hee
1378 1030 1449 1091 rata
1469 1030 1503 1091 et
1522 1023 1615 1091 mma
1635 1026 1854 1106 permaneant,
1876 1026 2054 1106 presentem
2076 1023 2211 1102 cedulam

667 1125 765 1211 sigilli
785 1127 887 1195 nostri
907 1127 1099 1213 appensione
1118 1125 1246 1196 fecimus
1271 1126 1464 1196 communiri.

773 1329 955 1418 leudensis,
979 1336 1042 1414 tj.
1065 1340 1103 1401 dc
1125 1337 1199 1424 ded.
1220 1333 1357 1403 Purmrm
1378 1278 1549 1417 Vrouchiu,
1570 1333 1639 1398 deii
1665 1334 1879 1422 qutczpaek.
1948 1421 1951 1427 ι

1356 1634 1429 1722 Nr.
1461 1629 1531 1719 21.

771 1828 968 1916 Belaulm
996 1830 1073 1914 dux
1099 1830 1217 1914 diesis
1256 1835 1379 1913 1175
1404 1831 1492 1914 ital
1519 1838 1559 1931 1,
1599 1849 1708 1934 snper
1739 1829 1904 1912 omnum
1931 1824 2084 1929 drudam
2103 1841 2213 1916 nnus

668 1950 896 2022 monesterium
916 1953 950 2020 in
971 1951 1101 2038 Lubiqt.

681 2095 684 2102 ·
769 2060 906 2138 Peranna
928 2060 1042 2138 orppim
1066 2059 1218 2143 quzoay
1235 2076 1334 2137 prm
1360 2057 1544 2136 Grbabopea
1564 2074 1604 2120 zo
1621 2055 1818 2136 podrobima
1840 2072 1863 2116 u
1884 2049 2010 2132 morem
2030 2069 2074 2114 ao
2095 2055 2211 2118 muca

659 2157 810 2240 ssdnnba
841 2165 945 2226 zieloa
968 2179 1111 2226 cumea
1133 2165 1146 2224 i
1165 2157 1235 2224 titt.
1254 2165 1479 2240 przymieszono
1512 2167 1581 2240 (ην
1609 2160 1770 2244 pieczfcie.
1814 2157 1891 2220 lszu
1926 2157 2063 2219 meszko
2092 2157 2210 2241 brigeio,

665 2280 810 2352 (9100293
826 2280 862 2346 m
884 2265 950 2343 jesi
978 2266 1138 2329 odeislstern
1166 2266 1323 2345 topiario
1353 2267 1395 2328 od
1420 2268 1543 2329 miscam
1574 2264 1638 2343 tpn
1671 2264 1839 2328 Μῶαν(
1866 2262 1982 2346 laesio
2009 2262 2212 2340 pnedstonio

665 2366 827 2448 &rosamo
855 2368 990 2431 letdzea
1017 2370 1193 2454 pfdzqeepo
1224 2387 1252 2429 w
1272 2371 1363 2443 ierom·
1397 2387 1425 2429 w
1440 2369 1581 2447 maulay
1608 2382 1788 2446 propones,
1821 2382 1865 2427 au
1881 2365 2038 2442 piersiuclr
2060 2359 2212 2448 erojspaa

668 2476 757 2534 torst
787 2489 809 2534 n
829 2489 873 2534 aa
893 2467 961 2548 aiii
974 2467 1034 2550 pit
1047 2472 1189 2555 laisiaco
1210 2489 1254 2534 ao
1285 2468 1399 2536 liorem
1419 2473 1531 2551 Ιπιγὶς
1562 2471 1675 2550 Napis:
1707 2466 1853 2553 Sigillum
1872 2465 2023 2535 Bolezlai.
2044 2464 2115 2533 net.
2136 2463 2211 2534 nra

668 2567 777 2640 Ducis.
800 2571 910 2641 lesie
929 2574 1019 2651 ‚doio
1042 2561 1220 2654 Zprosiuwn
1240 2575 1370 2655 diskupu
1386 2571 1592 2656 matema
1612 2575 1741 2653 lampa
1761 2591 1805 2636 au
1826 2575 1935 2646 tronis,
1955 2574 2093 2652 prumien
2113 2570 2211 2650 biono-

664 2673 767 2754 Μ,
790 2695 819 2740 (ν
838 2673 925 2755 leals
939 2681 1106 2757 postmoe-
1125 2682 1233 2760 aspis:
1255 2676 1410 2762 Sigillum.
1432 2676 1569 2744 Zirizlsi.
1591 2674 1871 2743 wratislaviensis.
1894 2673 1965 2758 Epi.

775 2776 933 2846 Wrosiun.
955 2782 1072 2860 Korsiai
1096 2783 1202 2846 &aare
1221 2784 1311 2847 Arsit
1333 2781 1451 2846 &abus
1471 2781 1500 2844 2
1520 2783 1592 2859 (die
1619 2782 1751 2846 Urlaosd
1774 2781 1805 2845 d.
1826 2780 1865 2842 kl
1887 2778 2006 2844 Lmbm
2028 2777 2101 2854 IV.)

765 2980 804 3052 In
821 2985 947 3054 nomine
967 2990 1076 3054 aneu
1096 2990 1130 3055 et
1143 2983 1301 3054 individue
1310 2985 1485 3053 minitans
1506 2984 1576 3070 ligo
1590 2984 1755 3053 nolanus
1774 2983 1839 3052 dux
1857 2981 1971 3058 Zlesio,
1992 2981 2078 3049 tilius
2097 2980 2210 3066 primo

663 3083 789 3171 gmltus
809 3086 944 3180 illustris
966 3087 1099 3156 condam
1119 3088 1271 3175 principis
1293 3088 1470 3174 Wladyzlni
1494 3088 1624 3156 maximi
1644 3088 1734 3156 ducis
1755 3087 1858 3156 Zlasie
1875 3093 1910 3155 et
1930 3085 2079 3153 cracovia
2092 3084 2211 3152 inelite·

663 3202 726 3273 qne
751 3187 877 3258 domine
900 3189 1088 3276 noemeydis
1120 3191 1185 3258 filie
1205 3192 1404 3276 imperatoris
1424 3191 1564 3259 Heinriei
1590 3191 1710 3277 quarti,
1738 3189 1893 3258 umversis
1923 3188 2043 3258 Christi
2069 3185 2211 3256 fidelibus

664 3297 732 3361 tom
753 3290 869 3362 ntum
902 3311 997 3378 quam
1018 3295 1216 3380 presentibus
1237 3295 1371 3362 enatem
1392 3313 1430 3362 ae
1446 3295 1688 3381 prosperitatem
1704 3293 1771 3361 vite
1791 3294 1948 3378 presentis
1971 3294 2092 3379 pariter
2113 3298 2148 3360 et
2165 3289 2211 3357 iu·
2241 3291 2243 3294 ’

666 3399 747 3464 ture.
771 3394 1028 3482 Quandoquidem
1049 3398 1216 3467 velocitate
1236 3396 1357 3465 dierum
1378 3408 1558 3465 nosunrum
1573 3397 1739 3466 tmndtmi
1760 3415 1869 3464 sumus
1890 3394 2151 3482 quemadmodum
2164 3393 2210 3460 iu·

663 3515 738 3584 gers
759 3499 841 3568 solet
859 3500 972 3568 umbra
991 3507 1026 3569 et
1043 3519 1227 3569 armassem
1247 3500 1361 3583 merus,
1381 3501 1648 3569 consultissimum
1668 3505 1795 3569 sonent
1814 3500 1919 3567 anime
1940 3498 2088 3567 solvende
2109 3497 2211 3584 provi·

662 3599 747 3680 dere,
770 3601 859 3670 euius
879 3603 978 3671 vitam
999 3604 1116 3672 sdmns
1136 3605 1170 3672 in
1191 3612 1335 3674 eternum
1352 3623 1544 3691 permanere.
1580 3605 1684 3692 Igitur
1704 3622 1763 3691 pro
1785 3602 1952 3671 dileenom
1974 3603 2091 3670 domini
2112 3601 2211 3669 nostri

662 3701 759 3773 lbssn
781 3703 901 3774 christi
918 3705 1096 3775 liberatoris
1117 3709 1293 3776 animarum
1315 3716 1507 3785 ammarum,
1543 3715 1578 3775 et
1606 3725 1665 3795 pro
1690 3694 1894 3775 veneracione
1922 3712 2032 3773 sancte
2052 3703 2211 3790 genitricis

661 3806 734 3875 sins·
749 3813 900 3894 perpetue
920 3809 1050 3895 virginis
1071 3809 1181 3886 blarie7
1204 3830 1242 3879 ae
1262 3830 1320 3897 pro
1341 3812 1521 3880 interventu
1541 3813 1644 3879 musti
1662 3810 1811 3878 Iohannis
1824 3809 1970 3877 Bnbtiste
1987 3815 2021 3876 et
2040 3809 2142 3877 saneti
2163 3807 2210 3874 Is·

662 3909 734 3979 sobi
755 3911 890 4003 apostoli
911 3914 1113 4000 omniumque
1134 3915 1321 3983 Sanctorum
1342 3915 1412 3998 Dei,
1434 3923 1593 3983 annuente
1613 3934 1671 3982 nec
1690 3932 1754 3981 non
1775 3918 1811 3981 et
1830 3917 1962 3997 rogante
1983 3911 2110 3979 domino
2125 3910 2210 3978 Wal-

664 4011 757 4082 thero
779 4015 926 4101 episcopo
947 4014 1208 4086 Wratizlaviense
1236 4023 1271 4086 et
1296 4018 1364 4084 eius
1382 4017 1543 4104 Cupitulo,
1573 4016 1742 4085 monachos
1763 4016 1916 4083 adductas
1937 4016 1977 4084 de
1997 4014 2142 4083 Porteusi
2163 4032 2209 4080 ee

663 4115 768 4201 nobio,
791 4118 875 4202 quod
897 4119 1001 4186 estin
1022 4119 1196 4188 Theotonia
1216 4139 1312 4206 super
1333 4119 1440 4188 Salam
1460 4118 1600 4202 dudum,
1622 4119 1771 4188 oollomvi
1792 4120 1825 4185 in
1846 4118 1915 4186 loco
1937 4119 1992 4203 qui
2013 4118 2129 4186 dieitur
2149 4116 2210 4184 Lu·

662 4216 740 4287 bens
759 4224 793 4289 et
817 4226 868 4288 est
886 4221 919 4288 in
940 4222 1065 4308 antiqui
1086 4223 1184 4291 castri
1204 4225 1277 4290 sinu
1297 4242 1392 4309 super
1406 4223 1543 4290 fluminis
1565 4223 1649 4290 Odre
1668 4220 1802 4298 dueum,
1835 4222 1888 4289 ubi
1914 4223 2001 4307 prius
2027 4221 2119 4307 pauci
2146 4237 2210 4286 mo

662 4322 756 4391 nschi
776 4323 859 4410 nigri
881 4324 1008 4393 Ordinis
1031 4326 1221 4408 resederant,
1242 4334 1280 4394 ut
1300 4327 1345 4394 ibi
1363 4329 1396 4394 in
1418 4328 1541 4395 uninbe
1562 4333 1595 4396 et
1613 4326 1830 4394 commuuione
1851 4331 1960 4394 sancte
1978 4323 2209 4394 nathanaelis·

661 4423 756 4493 dessio
788 4428 891 4494 sancti
912 4428 1074 4497 Benedicti
1097 4431 1235 4515 regulam
1258 4437 1354 4517 atque
1374 4431 1604 4517 cysterciensis>
1621 4429 1748 4496 Ordinis
1767 4429 1916 4497 instituta
1933 4435 2072 4512 teneant,
2108 4429 2142 4496 in
2163 4445 2210 4494 re

663 4527 802 4595 medium
833 4530 936 4598 anime
957 4549 1025 4599 mee
1062 4551 1101 4600 se
1126 4552 1182 4617 pro
1209 4533 1374 4601 animabus
1407 4534 1640 4619 progenitorum
1661 4532 1864 4618 affiniumque
1883 4551 2023 4600 meorum
2062 4551 2145 4599 anno
2171 4529 2209 4596 ub

660 4627 884 4700 incarnacione
905 4633 1032 4700 Domini
1053 4635 1219 4703 millesimo
1241 4637 1410 4704 centesimo
1431 4636 1703 4723 quinquagesinum
1724 4640 1918 4722 quapropter
1938 4653 2045 4703 omnes
2074 4636 2209 4702 attinen-

661 4731 727 4801 olns
748 4733 868 4801 cenobii
890 4734 1059 4820 Lubensis,
1092 4743 1158 4804 tum
1180 4746 1301 4806 veteres
1322 4758 1417 4824 quum
1435 4757 1549 4820 noves,
1579 4739 1611 4804 in
1639 4757 1710 4805 meu
1729 4737 1910 4807 defensione
1931 4737 2209 4822 comprehendent

659 4836 890 4904 succesoribus
911 4840 989 4906 meis
1010 4859 1068 4926 per
1089 4858 1181 4909 omne
1203 4848 1327 4927 tempus
1348 4841 1442 4909 huius
1462 4840 1559 4909 seculi
1579 4840 1712 4907 tuendas
1732 4847 1767 4910 et
1787 4841 2012 4924 defendendus,
2034 4842 2093 4908 sub
2114 4841 2208 4907 inter·

658 4938 833 5007 mlnacione
852 4940 956 5008 ultimi
979 4944 1145 5029 magnique
1166 4944 1273 5013 iudicii
1296 4945 1364 5023 Dei,
1385 4965 1442 5030 pro
1461 4944 1528 5013 solo
1550 4943 1655 5011 (limae
1675 4947 1939 5013 remuneracionis
1960 4946 2079 5012 iutidtu
2093 4961 2208 5012 recom-

657 5041 780 5111 mendo.
815 5042 850 5111 Si
875 5063 939 5128 qua
959 5064 1033 5130 erge
1053 5048 1227 5131 spiritualis
1247 5067 1383 5134 persona
1403 5048 1590 5116 secularisve
1611 5054 1766 5132 potestus,
1799 5047 1849 5117 ((1
1870 5050 2037 5134 quisquam
2057 5045 2098 5115 de
2117 5063 2208 5131 supa·

658 5144 708 5212 nis
734 5144 784 5213 vel
811 5145 882 5212 aliis
904 5147 994 5214 bonis
1015 5148 1192 5218 hominibus
1223 5151 1305 5218 bona
1326 5152 1433 5236 aliqua
1453 5152 1526 5218 huie
1547 5149 1685 5218 Lubensi
1708 5151 1838 5219 cenobio
1864 5152 1949 5219 iusta
1970 5152 2140 5220 denudans
2160 5147 2207 5215 vol

656 5244 772 5314 devota
792 5247 953 5317 oblacione
975 5268 1030 5316 seu
1051 5257 1124 5319 rata
1144 5252 1336 5320 cambicione
1356 5261 1413 5322 aut
1433 5252 1616 5321 venditione
1635 5253 1813 5343 contulerit,
1835 5255 2021 5324 inooncussa
2040 5262 2074 5322 et
2087 5255 2208 5322 illibata

657 5348 688 5414 si
707 5367 831 5434 semper
852 5360 1056 5434 permaneant
1077 5354 1246 5422 monadum
1265 5357 1439 5438 apostoliea
1460 5355 1625 5442 privilegia
1646 5375 1707 5441 que
1728 5356 1807 5424 datu
1827 5363 1902 5424 sunt
1922 5358 2131 5443 cysterciensi
2151 5357 2206 5421 0r·
