4574 6240
1361 744 1435 830 Nr.
1467 737 1537 829 32.

782 938 987 1023 celestinus
1013 937 1077 1042 Pp.
1105 937 1170 1020 111
1196 943 1320 1022 1193
1351 940 1439 1044 ips.
1466 945 1511 1036 9,
1540 937 1732 1040 Labraum
1764 954 1899 1040 suscipit
1930 952 2156 1023 morannum
2186 960 2223 1033 uo

677 1059 828 1128 Strzeluo
849 1057 918 1125 sub.
941 1057 971 1125 b.
993 1058 1079 1124 Petri
1102 1066 1136 1126 ot
1157 1078 1247 1127 suam
1270 1061 1506 1144 protectionem.

780 1167 919 1241 Peraean
946 1167 1074 1242 ornain,
1103 1182 1125 1225 a
1152 1163 1277 1242 increpo
1302 1182 1344 1227 aaa
1366 1166 1486 1227 enioiacb
1512 1164 1666 1240 jeracon.
1697 1179 1844 1226 maraon.
1875 1158 1981 1225 itote.
2000 1163 2224 1239 prrpmimoem

674 1265 770 1330 bado:
800 1261 978 1329 celestinus
1004 1263 1059 1347 Pp.
1089 1262 1146 1329 111.
1192 1268 1241 1328 It'o
1268 1264 1480 1329 eminatam
1511 1268 1623 1344 podpia
1660 1268 1806 1343 Papiria,
1835 1264 1909 1327 abab
1941 1265 2026 1340 cepoe
2054 1281 2096 1324 rec
2125 1281 2224 1341 prauo

676 1368 780 1445 unes
801 1385 828 1427 sn
845 1365 1040 1444 piericieniu.
1088 1368 1128 1427 W
1148 1371 1238 1430 cteta
1261 1369 1447 1447 piericienic
1475 1370 1617 1445 dependa-
1645 1365 1765 1431 Perfice
1786 1381 1913 1448 gressus
1934 1380 2022 1431 meus
2048 1362 2081 1427 iu
2109 1366 2225 1435 sentitis

676 1468 756 1550 tuis;
786 1487 829 1532 nc
857 1472 928 1532 leno
953 1489 980 1531 sn
1008 1476 1227 1548 monopramie:
1264 1458 1359 1537 Beue*
1377 1470 1489 1536 valeta.
1535 1473 1668 1550 Podpiry
1689 1466 1849 1531 iniadtdn
1869 1487 1896 1529 sn
1915 1469 2018 1530 iraeab
2038 1468 2226 1549 ieiumi,-

676 1593 704 1634 π
724 1573 744 1635 l
763 1572 934 1651 presbyten·
953 1575 1135 1650 cardinales,
1156 1592 1183 1634 so
1205 1575 1227 1635 2
1244 1577 1385 1652 episcopi,
1415 1574 1486 1634 eni
1512 1574 1634 1635 diaconi
1655 1574 1837 1635 eordincicr.
1881 1572 1984 1634 Przed
2000 1571 2129 1649 laidem
2149 1579 2227 1638 zani

676 1676 793 1754 hauto
813 1693 840 1735 ev
858 1676 1042 1752 rozmcitysb
1062 1678 1243 1738 latinitatis

783 1778 928 1841 Str-zebee.
973 1779 1140 1855 Prioiiepic
1160 1782 1335 1841 monaterii
1353 1797 1378 1840 c.
1403 1779 1514 1843 Morte.

782 1977 959 2047 celestinus
980 1978 1146 2064 episcopus
1167 1997 1276 2047 servus
1302 1998 1464 2048 servorum
1490 1979 1564 2060 Dei,
1583 1977 1708 2046 dilectis
1729 1978 1763 2045 in
1786 1975 1914 2045 cbristo
1936 1975 2062 2045 liliabus
2091 1976 2225 2049 Beatrlai

678 2083 829 2168 magistre
849 2084 1030 2150 monosterii
1051 2089 1160 2150 sonate
1181 2083 1283 2150 blarie
1304 2085 1337 2149 in
1359 2083 1486 2151 Streluo
1504 2084 1635 2167 eiusque
1656 2079 1816 2148 sororibus
1835 2085 1902 2147 tane
1923 2078 2123 2164 presentibus
2136 2097 2228 2165 quarn

678 2184 794 2253 tuturis
814 2184 990 2269 regularem
1011 2185 1110 2252 vitam
1132 2184 1292 2268 protessis,
1312 2186 1345 2250 ln
1367 2192 1553 2270 perpetuam
1574 2184 1768 2250 memoriam.
1812 2181 2024 2250 Prudentibus
2050 2182 2228 2268 virginibus,

679 2304 742 2372 que
761 2287 821 2354 aub
839 2286 952 2354 habitu
973 2287 1143 2370 religionis,
1169 2287 1310 2354 accensis
1332 2287 1540 2371 lampadibus,
1571 2304 1630 2370 per
1649 2303 1746 2369 opera
1766 2284 1947 2353 sanctitatis
1968 2285 2089 2368 iupitur
2107 2302 2142 2351 se
2163 2305 2230 2369 pne·

679 2394 797 2475 param
814 2389 861 2456 ire
884 2387 1008 2455 obviam
1036 2407 1163 2472 sponso,
1196 2388 1293 2456 Sedes
1324 2388 1500 2473 apostolica
1525 2387 1621 2455 debet
1644 2387 1854 2470 patrocinium
1879 2385 2051 2470 impertiri,
2084 2403 2125 2453 ue
2152 2386 2230 2456 torte

679 2491 847 2560 cuiuslibet
867 2490 1057 2558 mmemtatis
1078 2491 1223 2557 incursus
1251 2495 1309 2557 aut
1337 2507 1391 2557 eas
1414 2509 1435 2556 a
1462 2491 1624 2574 proposito
1652 2493 1787 2570 revocet,
1810 2493 1868 2555 aut
1895 2488 2003 2569 robur,
2031 2487 2117 2572 quod
2138 2487 2229 2572 absit,

679 2611 768 2661 ncne
793 2592 953 2677 religiosus
982 2591 1143 2676 infringet„
1186 2592 1365 2677 Eupropter
1396 2592 1511 2658 dilecte
1530 2593 1565 2657 in
1587 2590 1715 2658 cbristo
1733 2589 1808 2673 illie,
1835 2590 1951 2657 renuis
1979 2590 2072 2657 tusus
2094 2591 2230 2674 portua

679 2693 818 2762 tionibus
844 2694 1014 2762 clementer
1034 2695 1213 2775 annuimus,
1235 2701 1269 2761 et
1291 2693 1448 2778 pretutum
1470 2694 1696 2761 monasterium
1723 2695 1757 2760 in
1777 2711 1841 2777 quo
1861 2691 1967 2759 divino
1986 2694 2064 2760 estis
2085 2692 2232 2779 obsequio

680 2796 868 2880 mancipata,
888 2795 947 2862 sub
968 2795 1053 2862 beati
1074 2795 1162 2863 Petri
1181 2803 1214 2863 et
1235 2802 1346 2862 noetus
1365 2798 1561 2880 protectione
1587 2796 1776 2879 suscipimus
1801 2802 1836 2863 et
1857 2795 2014 2880 presentia
2036 2796 2149 2879 scripti
2168 2795 2231 2880 pri·

680 2899 794 2984 vilugio
815 2898 1053 2967 communimus.
1086 2898 1124 2964 In
1145 2899 1255 2982 primis
1270 2899 1425 2981 siquidem
1445 2904 1634 2980 statuentes,
1656 2904 1695 2964 ut
1708 2896 1794 2964 Ordo
1806 2898 1976 2966 monicus
1994 2897 2050 2982 qui
2064 2897 2232 2966 secuudum

679 3001 783 3070 Deum
804 3007 838 3067 et
858 3001 943 3068 beati
963 3001 1135 3085 Augustini
1161 3001 1301 3084 regulum
1329 3007 1427 3085 aeque
1464 3000 1698 3068 iustitutionem
1728 2998 2069 3068 Premonsbstensium
2101 3000 2233 3069 nauum

680 3104 715 3172 in
735 3103 844 3172 eodem
864 3104 933 3171 loco
958 3103 1124 3169 institutus
1153 3121 1222 3171 asse
1250 3103 1434 3184 dinoscitur,
1461 3103 1622 3187 perpetuis
1649 3101 1767 3170 ibidem
1789 3102 1984 3187 temporibus
2012 3102 2232 3170 inuiolabiliter

681 3205 874 3274 observetur.
917 3205 1074 3287 Preterea,
1094 3224 1308 3290 quascumque
1329 3206 1556 3290 possessiones,
1580 3222 1776 3288 quacumque
1799 3203 1882 3272 bona
1902 3204 1986 3272 idem
2008 3203 2232 3272 monesterium

681 3309 716 3377 in
736 3308 967 3392 presentiamm
988 3307 1071 3374 iuste
1092 3313 1127 3373 et
1147 3309 1295 3375 enuouim
1324 3306 1555 3391 possidebant
1582 3307 1617 3374 iu
1644 3306 1787 3374 futurum
1813 3306 2013 3375 mucessioue
2041 3306 2233 3391 pontificum,

681 3410 849 3495 lnrgitiom
874 3428 983 3493 regum
1004 3409 1054 3475 vel
1074 3409 1262 3494 principum,
1289 3409 1450 3477 oblatione
1474 3407 1613 3476 fidelium
1639 3426 1697 3476 seu
1721 3408 1793 3476 aliis
1819 3409 1914 3477 lusda
1934 3409 2052 3491 modis,
2074 3415 2235 3493 prestante

681 3513 827 3594 Domino,
845 3512 964 3596 poterit
984 3511 1125 3595 adipisci,
1146 3511 1238 3579 firma
1252 3513 1340 3579 vobis
1360 3520 1395 3580 et
1415 3512 1477 3579 biis
1497 3530 1561 3596 que
1581 3511 1669 3579 vobis
1690 3513 1899 3581 succwint
1916 3518 1951 3581 et
1972 3511 2096 3580 illibata
2114 3529 2235 3598 perma-

682 3620 791 3684 uennt
833 3613 872 3681 lu
893 3612 1008 3697 quibus
1029 3614 1086 3681 bec
1107 3615 1243 3699 propriis
1265 3616 1411 3681 duximus
1433 3614 1636 3698 exprimendo
1656 3614 1830 3683 vocabulis:
1857 3614 1962 3683 loetum
1989 3616 2093 3701 ipsum
2119 3615 2154 3684 iu
2173 3631 2234 3699 quo

579 3787 583 3794 ,
682 3716 841 3804 prefatum
862 3717 1087 3784 monesterium
1117 3717 1214 3784 situm
1247 3724 1298 3785 est
1326 3737 1397 3785 cum
1425 3717 1570 3785 omuibus
1591 3718 1791 3802 pertinentiis
1820 3720 1904 3802 suls,
1930 3719 2038 3787 villum
2060 3718 2235 3799 Snrbitsko,

682 3818 791 3888 villam
820 3817 969 3899 cloiam,
996 3817 1103 3885 villam
1133 3818 1306 3902 Ostronite,
1339 3821 1447 3889 villam
1475 3821 1597 3904 Belsco,
1628 3821 1737 3889 villum
1762 3820 1959 3904 Centinsko,
1988 3821 2097 3890 villam
2123 3819 2236 3906 Goplo,

682 3922 790 3990 villam
812 3921 997 4004 Stroubedr,
1018 3921 1279 4013 villamorosna,
1301 3924 1409 3991 villam
1435 3924 1590 3992 Rudornin
1618 3943 1691 3992 eum
1712 3924 1856 4007 taberna,
1882 3924 1992 3993 villam
2018 3924 2145 3994 Strelno
2166 3940 2236 3991 aunt

684 4023 818 4093 mberna
837 4031 872 4092 et
892 4024 1028 4092 dammas
1049 4025 1189 4091 omnium
1211 4025 1380 4092 earundem
1400 4027 1561 4107 villarum
1584 4027 1692 4094 villam
1713 4026 1843 4109 Ioiovo,
1864 4028 1972 4119 sillam
1991 4028 2108 4110 Bitom,
2130 4026 2235 4095 vittam

684 4126 843 4195 Strosovm
862 4145 933 4194 cum
954 4126 1083 4195 decima
1129 4127 1166 4194 In
1188 4146 1268 4195 novo
1291 4128 1477 4197 Wlodizlaw
1497 4147 1616 4196 nouum
1637 4127 1750 4212 inmun,
1772 4131 1806 4197 in
1827 4129 1969 4198 linutwa
1988 4136 2115 4215 pontem
2138 4135 2173 4197 et
2190 4134 2236 4195 ta·

684 4229 825 4312 bmnnm,
847 4228 880 4297 iu
902 4229 1064 4298 crusvicia
1085 4249 1202 4298 nouum
1224 4232 1399 4314 denarium,
1421 4233 1455 4298 in
1476 4232 1638 4312 Queclsow
1656 4232 1813 4301 decimum
1834 4231 1947 4300 iorum
1991 4232 2075 4301 Saue
2096 4233 2236 4301 laborum

684 4337 862 4400 vacuorum
886 4351 964 4417 quos
984 4334 1122 4418 propriis
1144 4335 1288 4401 manibus
1313 4340 1371 4401 aut
1392 4334 1570 4418 sumptibus
1592 4336 1711 4417 colitis,
1743 4336 1810 4402 siue
1834 4336 1875 4403 de
1895 4337 2099 4403 nutrimentis
2120 4337 2238 4404 anima·

684 4433 764 4502 lium
797 4442 987 4518 nestrorum,
1021 4437 1128 4502 nullus
1150 4456 1169 4503 a
1190 4437 1278 4505 vobis
1301 4437 1439 4504 decimas
1465 4438 1589 4521 exigere
1615 4436 1665 4504 sel
1692 4443 1881 4520 extorquere
1910 4444 2082 4521 presumat
2131 4437 2239 4506 Liceat

685 4556 812 4623 quoque
832 4538 920 4605 vobis
942 4557 1093 4623 personas
1114 4539 1230 4606 liberes
1248 4546 1283 4606 et
1303 4540 1482 4623 absolutas,
1508 4558 1526 4606 e
1552 4540 1658 4607 seculo
1679 4538 1851 4624 fumantes,
1872 4541 1915 4609 ad
1936 4540 2170 4609 conversionem
2191 4555 2240 4604 ra·

686 4640 792 4725 cipere
809 4645 843 4707 et
863 4658 917 4707 eas
939 4640 1058 4723 absque
1084 4642 1332 4710 contradictione
1357 4642 1467 4726 abqua
1494 4643 1641 4709 retinere.
1685 4641 1892 4711 Prohibeenua
1924 4643 2063 4726 insuper,
2095 4648 2134 4709 ut
2162 4638 2239 4709 nulli

685 4760 830 4811 sororum
849 4748 1026 4809 sesmarum
1048 4751 1122 4827 post
1142 4744 1259 4811 motam
1277 4746 1310 4811 in
1331 4745 1441 4813 eodem
1463 4747 1532 4812 loeo
1558 4744 1782 4829 professionem
1808 4745 1857 4814 ias
1886 4747 1931 4814 ait
1955 4746 2075 4829 absque
2096 4764 2153 4813 sua
2173 4763 2238 4811 ma

686 4846 785 4930 pistre
805 4845 933 4912 licentia
957 4844 998 4912 de
1019 4845 1127 4913 eodem
1149 4847 1218 4914 loco
1239 4847 1413 4929 discedere3
1435 4848 1647 4915 dbcuientem
1668 4867 1743 4916 vero
1764 4848 1885 4933 absum
1902 4850 2115 4918 communium
2133 4850 2239 4916 litera·

687 4966 759 5015 rum
785 4948 939 5030 cautione,
959 4967 1051 5015 uerno
1073 4950 1190 5016 audem
1210 4951 1356 5017 renuere.
1400 4950 1452 5016 nd
1473 4950 1531 5017 bec
1556 4951 1653 5017 etiam
1675 4951 1861 5032 inhibemus,
1887 4970 1928 5018 ue
1954 4952 2004 5018 cui
2025 4952 2172 5036 episcopo
2193 4946 2241 5015 nel

687 5048 743 5117 alii
764 5049 836 5135 plus
857 5068 878 5117 a
898 5050 986 5117 vobis
1008 5070 1065 5134 pro
1087 5053 1200 5118 vestris
1219 5051 1349 5118 decimis
1378 5060 1486 5136 potere
1511 5059 1545 5120 et
1566 5053 1706 5135 racipere
1726 5052 1831 5133 ticet,
1857 5072 1954 5138 quam
1973 5054 2070 5122 fucrit
2090 5073 2111 5122 a
2132 5052 2240 5140 prede·

564 5227 566 5232 ,
688 5150 865 5220 amorium
886 5170 994 5217 eorum
1016 5170 1116 5235 usque
1130 5153 1171 5218 ad
1184 5152 1242 5219 bec
1259 5160 1403 5237 tempora
1416 5154 1613 5238 requisitum.
1649 5153 1731 5220 cum
1742 5159 1849 5221 autem
1870 5156 2018 5238 generale
2039 5155 2240 5223 interdictum

689 5258 775 5322 terre
794 5254 901 5335 tuerit,
927 5254 1023 5322 liceat
1053 5255 1143 5321 vobis
1173 5255 1289 5323 clausis
1316 5257 1430 5338 ianuis,
1463 5256 1599 5324 uclusis
1630 5256 1875 5324 excomunicntis
1900 5263 1935 5324 et
1960 5257 2153 5339 interdictis,
2179 5272 2241 5323 nou

688 5355 824 5440 pulsetis
845 5357 1017 5440 campanis,
1038 5374 1208 5440 suppressa
1228 5376 1304 5425 uoce
1330 5357 1438 5423 divim
1461 5357 1566 5425 oldaia
1596 5358 1764 5425 celebrare.
1809 5356 2170 5442 cremonensem
2190 5376 2240 5424 aa·

689 5475 788 5544 erunt,
810 5459 1060 5527 consecrationis
1080 5458 1230 5526 murium
1251 5478 1307 5527 sou
1329 5459 1540 5544 basilicarum,
1562 5459 1777 5529 onbnatiouos
1798 5460 1984 5529 abuicomm
2002 5462 2057 5547 qui
2077 5463 2120 5531 ad
2137 5476 2242 5530 sacros
