4492 6224
970 2038 977 2053 ’
1092 2039 1166 2124 Nr.
1200 2037 1238 2123 1.

496 2256 627 2344 Breuis
652 2253 849 2360 apostolici
875 2254 919 2337 cle
945 2251 1019 2337 fine
1049 2252 1096 2337 L
1123 2273 1191 2336 see.
1221 2251 1490 2354 fragmentum
1516 2267 1551 2333 in
1580 2283 1644 2348 quo
1673 2261 1816 2330 emoneo
1835 2260 1937 2330 mm·

400 2384 590 2469 epbeopotus
609 2377 649 2445 cle
670 2375 867 2461 magdeburg
888 2393 945 2460 pro
966 2375 1133 2460 metropoli
1153 2375 1390 2459 episcopatuum
1411 2371 1445 2438 in
1465 2369 1611 2456 partibus
1633 2367 1799 2437 Sleeorem
1817 2365 1936 2435 consti·

402 2493 536 2554 totorum
557 2478 692 2548 refertur
712 2484 747 2547 et
767 2478 979 2546 confirmatur.

504 2584 701 2665 Napaeae.
744 2585 865 2663 Koeipl.
890 2585 995 2646 Stante
1016 2585 1105 2646 Arch
1127 2583 1191 2647 Lib.
1210 2583 1360 2661 privita.
1386 2581 1590 2657 blmeitie'fol.
1613 2580 1647 2644 3.
1670 2579 1803 2657 (Rodeke
1819 2593 1935 2658 perpe·

400 2692 637 2769 mappam
649 2708 676 2749 s
684 2689 817 2766 preme
830 2683 1696 2770 arne.)(nee21,eoeep10maee.emeneuraee.
1719 2681 1814 2747 retr.
1826 2677 1940 2765 esee.)

498 2891 649 2974 Quoniam
669 2910 691 2959 o
710 2889 779 2957 Deo
807 2889 937 2974 eosque
961 2890 1077 2959 dilecte
1103 2896 1259 2959 secutore
1286 2894 1398 2957 senato
1427 2886 1523 2956 Petro
1547 2888 1690 2973 principe
1722 2881 1937 2971 apostolorum

401 2996 485 3066 enies
505 2993 577 3062 sede
598 2998 632 3061 et
651 2993 720 3079 viee
740 2991 861 3077 indigni
874 2990 1042 3077 icmgimnr,
1063 2999 1139 3062 ente
1159 2993 1238 3061 alios
1256 2991 1371 3060 iratres
1389 2997 1525 3075 nostem,
1546 2991 1648 3060 nostri
1670 2989 1791 3078 scilieet
1803 2989 1939 3057 nominis

400 3099 566 3184 episcopos,
586 3102 777 3181 potestatem
796 3097 973 3182 accepimus
994 3097 1162 3164 roborandi
1188 3103 1223 3164 ct
1248 3095 1434 3163 euadendi
1459 3095 1607 3163 eeclesiae
1628 3112 1686 3178 per
1706 3098 1810 3161 toturn
1831 3092 1939 3161 orbem

400 3201 487 3287 longe
508 3200 633 3284 lateque
654 3197 795 3280 diffusas,
816 3200 952 3267 maxime
970 3205 1076 3268 autem
1103 3218 1158 3268 ees
1183 3218 1244 3283 qne
1265 3198 1356 3268 Sedis
1376 3198 1528 3280 Romane,
1551 3197 1673 3266 scilicet
1690 3195 1832 3264 Faalcsie
1848 3214 1940 3263 mun·

400 3303 539 3371 mberdio
557 3303 735 3388 specialiter
752 3303 925 3385 subiacent,
949 3303 1065 3372 idcirco
1091 3305 1235 3373 omnibus
1256 3302 1400 3370 fidelibus
1421 3300 1542 3369 Christi
1562 3307 1674 3368 notum
1694 3317 1763 3367 esse
1786 3298 1939 3382 volumus,

225 3418 232 3469 .·
249 3460 257 3472 ,
401 3406 533 3491 qualiter
551 3406 671 3491 primus
692 3414 727 3474 et
746 3406 901 3473 muimus
915 3406 1079 3488 Ottonum,
1094 3406 1171 3474 Otto
1184 3406 1330 3473 videlicet
1342 3405 1424 3473 bone
1438 3405 1587 3473 memorie
1600 3405 1774 3488 imperator
1787 3407 1940 3486 ongemtus

401 3507 608 3594 lhgodelnrrg
627 3508 756 3577 ecclesie
777 3509 937 3576 cirimem
950 3526 1046 3593 super
1063 3511 1166 3594 ripam
1179 3509 1272 3577 Albio
1285 3508 1422 3577 fluminis
1439 3509 1474 3575 in
1486 3507 1654 3593 parrochie
1667 3505 1940 3576 Helremtodensis

296 3655 299 3660 -
401 3609 526 3679 ecclesie
547 3611 651 3694 sitem,
672 3618 803 3696 prepter
822 3610 922 3678 totins
937 3611 1171 3680 ultramontane
1184 3612 1314 3680 eclesie
1327 3611 1499 3679 utilitatem
1512 3629 1533 3678 c
1546 3609 1750 3680 fundamento
1765 3609 1942 3679 construxit

403 3730 533 3798 eamque
552 3732 590 3780 eo
610 3731 710 3796 nsque
735 3715 907 3798 promovit,
937 3714 1079 3782 ut·inibi
1105 3721 1293 3800 mnpregoto
1319 3714 1456 3782 merim
1479 3714 1682 3781 multitudine
1703 3712 1888 3782 deficerem
1908 3716 1943 3779 et

401 3811 558 3900 laieorum,
578 3815 742 3884 ecclesiam
762 3816 796 3883 in
817 3815 936 3885 honore
956 3816 1042 3884 beati
1063 3819 1214 3903 principis
1234 3818 1449 3904 apestolorum
1468 3817 1557 3885 Petri
1579 3823 1614 3885 et
1632 3822 1813 3884 sencmrum
1833 3813 1943 3882 marti·
2022 3890 2023 3893 Ἴ

223 3879 238 3962 θ·
298 3989 300 3992 Α
403 3934 471 3985 rum
490 3916 635 3986 blaufici
661 3924 695 3986 et
723 3918 915 4002 Innocencii,
942 3939 1077 4004 quorum
1106 3939 1239 4005 corpore
1266 3942 1339 3990 cnm
1364 3922 1501 3989 merim
1525 3927 1616 4006 perte
1642 3920 1774 4005 legionis
1803 3917 1943 3987 εἰιιιᾱοιιι

406 4017 479 4088 illuc
514 4021 691 4105 transtulit,
721 4023 897 4090 consecrari
924 4025 1108 4109 preciperet
1153 4023 1320 4093 Crescente
1342 4030 1461 4093 autem
1495 4025 1530 4092 in
1562 4023 1613 4091 his
1639 4023 1755 4090 linibus
1784 4020 1945 4091 omnem

402 4120 547 4206 ruiplom
567 4142 639 4192 cnm
663 4127 862 4210 promociene
891 4127 1071 4211 supradicte
1100 4127 1247 4210 deleth,
1275 4147 1297 4196 o
1323 4127 1465 4214 piissimo
1492 4127 1610 4196 Ottone
1634 4127 1794 4196 decretum
1823 4131 1882 4208 est,
1907 4129 1945 4193 ot

258 4317 264 4326 ἦ
405 4221 487 4292 ultra
506 4224 616 4296 fluvios
638 4228 765 4296 Albium
786 4235 820 4296 et
845 4228 952 4296 Salam
977 4237 1012 4297 et
1042 4229 1195 4314 Odorem,
1217 4233 1251 4297 in
1275 4230 1456 4298 cimtaffius
1482 4230 1516 4297 in
1544 4229 1659 4314 quibus
1687 4229 1764 4297 olim
1787 4228 1944 4297 barbarici

403 4323 481 4394 ritus
498 4329 632 4398 maxime
650 4331 769 4416 ingruit
790 4333 982 4416 superstitio,
1005 4351 1139 4417 quamn
1161 4334 1288 4401 nomina
1310 4341 1386 4401 sunt
1406 4334 1479 4402 bec:
1502 4331 1607 4415 (litizi,
1630 4332 1736 4417 blisni,
1750 4332 1956 4420 blereeburg,

404 4422 611 4518 Bmdcburg,
634 4434 863 4518 Hevelbergan,
884 4436 1031 4513 Pozneni,
1053 4436 1086 4502 in
1108 4436 1226 4505 honore
1246 4436 1348 4504 sancti
1369 4435 1544 4505 vaemrh
1570 4436 1693 4504 domini
1720 4436 1822 4504 nesui
1850 4435 1945 4504 hmo

404 4526 520 4600 Christi
547 4538 704 4624 episcopia
731 4537 948 4622 mederentur,
975 4540 1059 4622 quod
1085 4546 1120 4607 et
1149 4540 1254 4607 divim
1277 4538 1402 4608 feveute
1428 4539 1595 4608 clementie
1617 4540 1666 4607 ito
1693 4544 1857 4624 peractum
1884 4543 1944 4607 est

405 4627 582 4706 Pectoribus
613 4660 687 4726 erpo
715 4641 928 4726 predictarum
960 4643 1124 4710 citimum
1155 4662 1218 4711 non
1251 4642 1440 4711 habentibus
1468 4642 1746 4728 metropolitanum
1777 4642 1819 4710 ad
1851 4660 1945 4726 qoem

404 4738 568 4808 ammom
589 4746 770 4813 manicam
791 4746 1013 4813 auctoritatem
1033 4765 1106 4813 cum
1127 4748 1193 4814 suis
1212 4747 1315 4814 censis
1333 4745 1534 4828 continerent,
1551 4745 1751 4814 serenissimo
1763 4745 1947 4830 imperatori

405 4852 512 4923 meno
532 4845 677 4914 videlicet
695 4847 807 4915 Ottoni
829 4867 900 4916 cum
920 4850 1061 4916 omnium
1080 4868 1208 4917 suorum
1235 4851 1423 4934 optimatem
1450 4867 1604 4916 consensu
1631 4848 1761 4935 placuit,
1789 4853 1947 4931 quatenus

407 4937 582 5015 laevitate
602 4950 827 5034 Megaloburg,
853 4952 929 5034 quie
957 4952 990 5018 in
1017 4952 1230 5036 pacatioribus
1258 4953 1401 5037 pertibus
1428 4952 1493 5019 site
1510 4952 1614 5019 divim
1635 4957 1669 5020 et
1690 4952 1826 5020 humane
1844 4951 1947 5018 muni·

407 5039 500 5111 donis
521 5052 609 5135 eope
637 5054 829 5139 cingebatur,
858 5056 886 5122 si
914 5055 978 5122 ullo
1008 5055 1101 5123 modo
1130 5055 1293 5140 parrochie
1319 5057 1512 5142 pertinentia
1535 5055 1576 5123 ob
1605 5055 1792 5124 ffifflearee
1815 5055 1948 5123 Helber·

407 5145 555 5218 electensis
580 5156 724 5241 episeopo
752 5158 880 5224 ecclesie
903 5158 1033 5242 eiusque
1061 5158 1303 5243 metropolitano
1335 5158 1478 5226 liettonc
1505 5159 1670 5242 eequirme
1696 5162 1817 5244 posset,
1843 5158 1946 5226 erebi·

408 5246 614 5336 mlecomtum
644 5267 850 5328 construeret
895 5261 987 5328 Unclc
1020 5261 1138 5328 lectum
1166 5268 1225 5343 eet,
1255 5268 1293 5328 ut
1324 5269 1397 5346 post
1429 5262 1550 5345 nilquol
1579 5269 1758 5345 temporum
1782 5262 1950 5330 intervella

408 5344 624 5428 thrimissimo
653 5363 842 5448 imperatore
871 5365 905 5430 in
931 5365 1050 5447 potem
1076 5363 1246 5430 llevenetis
1273 5364 1402 5432 ecclesie
1433 5385 1490 5449 pro
1516 5364 1674 5432 communi
1701 5365 1841 5433 fidelium
1862 5370 1951 5432 statu

413 5445 544 5525 leliciter
561 5463 763 5545 gubernendo
784 5473 937 5550 morante,
952 5466 1068 5534 'Hetto
1086 5466 1272 5552 bloguntine
1298 5469 1427 5537 ecclesie
1453 5467 1648 5554 archipresul
1677 5476 1711 5537 et
1736 5467 1952 5537 Hillivuenlos

1743 5590 1758 5646 1
