4574 6240
10 2301 27 2348 ὓ

10 2388 28 2446 l·

10 2505 31 2555 8

10 2715 32 2777 ’ν

10 2798 34 2865 i.

10 2922 37 2968 Ι·

10 3024 41 3086 7⁰

10 3126 42 3177 p.

10 3231 43 3278 a.

10 3335 46 3382 ο.

10 3439 47 3484 n·

10 5289 84 5456 Ex}
10 4876 82 5240 ἓξὲξ
10 4157 73 4824 ξέῑὲε-ἓεεφ
10 4053 57 4104 ἢ
10 3949 59 4001 a
10 3827 58 3897 ε·

1871 467 1919 542 65

376 675 527 763 Kneginiz
548 674 581 743 in
603 674 762 761 provintia
784 673 961 758 Zremensi,
999 672 1132 741 Zirsniei
1154 672 1243 741 iuxta
1265 670 1406 753 Rudam;
1444 689 1514 740 eum
1541 668 1717 738 attinentiis
1738 667 1805 735 suis
1826 666 1920 736 cultis

254 807 260 819 ’
377 790 411 855 at
429 777 566 861 incultis,
585 779 644 845 viis
666 785 700 846 et
721 778 823 861 inviis,
846 779 940 863 agris,
969 778 1060 862 aquis
1082 783 1115 844 ot
1136 777 1233 860 siluis,
1254 777 1355 862 pratis
1377 781 1411 842 et
1432 774 1586 858 pusehuis,
1609 771 1787 840 nemoribus
1813 779 1848 840 et
1869 789 1921 839 ve·

374 881 563 964 nationibus,
585 880 717 950 incubus
738 887 773 949 et
793 880 1033 967 piseationibus,
1055 880 1196 964 aucupiis
1217 886 1251 947 et
1270 878 1418 963 navigiis,
1440 896 1512 945 oum
1533 877 1617 945 omni
1639 875 1784 942 libertate
1805 881 1839 942 et
1859 873 1923 941 uti·

375 990 465 1059 litate
486 1001 548 1069 que
568 984 601 1050 in
624 985 854 1069 presentiarum
876 983 958 1049 inest
978 982 1029 1049 vel
1051 983 1152 1048 inesse
1173 982 1291 1066 poterit
1319 982 1353 1048 in
1374 981 1525 1048 loturum.
1557 978 1625 1046 Hes
1644 997 1717 1062 ergo
1731 995 1789 1045 nos
1808 977 1842 1044 in
1856 996 1922 1045 ma

375 1107 433 1161 nm
453 1085 643 1153 venerabilis
661 1085 833 1153 Winemari
855 1084 979 1152 abbatis
999 1085 1040 1153 de
1060 1085 1174 1166 Porta,
1203 1085 1251 1153 eui
1273 1083 1407 1151 eundem
1428 1084 1532 1151 locum
1552 1079 1776 1150 exstruendum
1798 1085 1923 1148 nonme·

375 1188 510 1261 didimus
541 1188 756 1272 assignantes,
792 1187 951 1255 libentium
983 1187 1126 1255 dedimus
1145 1186 1229 1254 novi
1258 1185 1319 1254 loei
1350 1185 1502 1254 iratribus
1532 1203 1626 1252 unum
1655 1181 1705 1251 uel
1730 1182 1811 1250 duas
1831 1181 1922 1250 uillas

376 1293 524 1374 forenses,
555 1296 589 1358 et
621 1290 701 1376 alius
732 1296 890 1375 quotquot
922 1288 1078 1358 voluerint
1110 1308 1167 1356 seu
1187 1291 1350 1374 potuerint
1368 1290 1459 1356 villas
1479 1288 1721 1355 Teutonieorum
1741 1286 1774 1353 in
1796 1303 1923 1353 nemore

377 1402 410 1467 et
429 1394 463 1461 ln
484 1393 681 1479 possessione
702 1412 762 1460 sua
782 1393 975 1460 Teummeali
997 1393 1064 1461 iure
1085 1398 1119 1460 et
1139 1392 1287 1460 libertate
1307 1392 1461 1478 ponendi;
1497 1391 1567 1459 laea
1597 1389 1703 1457 omnia
1732 1394 1767 1457 et
1787 1389 1923 1457 rusticam
1964 1431 1970 1447 ·

377 1507 441 1569 mm
454 1495 644 1564 Teutonicos
664 1514 759 1582 quam
773 1496 918 1578 Polonos,
940 1494 982 1564 ab
1003 1495 1088 1563 omni
1107 1494 1221 1562 iudicio
1242 1501 1277 1561 et
1297 1499 1455 1579 potestate
1476 1500 1543 1560 um
1562 1499 1673 1560 nostra
1690 1509 1785 1576 quam
1799 1498 1923 1559 nostro-

377 1617 457 1681 rum,
477 1603 512 1666 et
533 1599 618 1665 omni
640 1599 709 1666 iure
730 1604 764 1667 et
782 1598 957 1666 ministerio
979 1597 1126 1666 Polonieo
1147 1596 1287 1681 plenarie
1307 1596 1512 1666 absolventes
1533 1595 1602 1664 Hae
1622 1613 1697 1663 vero
1709 1600 1784 1662 sunt
1796 1593 1925 1662 aomina

377 1700 564 1772 rustioorum
585 1718 667 1786 quos
688 1703 735 1768 eis
756 1701 916 1769 dedimus:
938 1701 972 1767 in
993 1700 1136 1768 Zirsnik:
1157 1700 1255 1784 qur,
1277 1700 1420 1783 Thusha,
1441 1700 1568 1783 Milozt,
1588 1699 1757 1784 Targosse',
1779 1698 1922 1781 Zedlnta,

377 1805 545 1887 Dnmoviz3
575 1804 609 1872 in
630 1804 793 1873 Dominiz:
827 1804 971 1887 Redouh,
993 1803 1146 1888 Zrantos,
1168 1802 1296 1887 Pleina,
1317 1803 1479 1887 Nudossa,
1513 1821 1648 1889 qaorum
1669 1801 1802 1886 quilibet
1821 1800 1923 1868 tribum

376 1906 485 1978 dlebus
505 1907 539 1975 ia
560 1907 734 1976 ebdomada
753 1907 877 1976 Xlleim
898 1910 1000 1995 pisces
1030 1907 1074 1975 ad
1094 1906 1321 1992 longitudinem
1341 1907 1416 1977 ulne
1436 1907 1513 1974 dare
1532 1905 1627 1974 debet
1653 1912 1687 1972 et
1707 1907 1836 1990 iusuper
1856 1911 1923 1972 tres

376 2028 472 2080 urnas
485 2011 588 2079 mellis
601 2012 783 2094 annuatim
805 2012 911 2080 Nouos
924 2019 959 2081 et
971 2011 1137 2080 dezlaws
1151 2030 1221 2080 eum
1232 2009 1308 2079 filiis
1322 2010 1465 2079 eotitidie
1479 2009 1555 2096 (sio)
1568 2008 1685 2076 debent
1698 2008 1827 2092 piseati3
1849 2007 1923 2074 Zla·

379 2113 528 2196 vosoviei,
549 2112 689 2199 Hrapis,
721 2115 848 2197 Pande,
877 2114 991 2191 (loeis,
1022 2113 1197 2195 mollitiem
1229 2112 1338 2198 Begaa
1358 2113 1482 2198 figulus,
1503 2111 1646 2193 Karena,
1668 2110 1832 2178 Boastetet
1852 2127 1925 2178 enm

377 2218 468 2299 sotio,
490 2215 667 2300 mellidoes3
690 2218 723 2284 in
744 2218 889 2303 Dymilr:
919 2216 1007 2285 Zvan
1027 2217 1082 2301 qui
1104 2215 1219 2284 condio
1240 2214 1335 2284 debet
1354 2216 1487 2302 pisauri3
1520 2213 1626 2282 Bonik
1646 2221 1681 2281 et
1700 2213 1807 2282 Mirek
1825 2211 1925 2280 buter

377 2321 457 2402 elna,
477 2319 599 2403 Piwen,
619 2320 720 2403 Zelis,
742 2318 933 2404 Nidomislz,
955 2320 1134 2401 eamemrii3
1164 2317 1288 2402 Panoh,
1309 2318 1476 2387 ldilmlaus
1496 2336 1609 2405 agano,
1645 2316 1800 2385 iohannes
1820 2333 1924 2385 eoeus

377 2421 557 2491 zbramIrns
577 2422 666 2490 dedit
686 2428 914 2509 postmortem
934 2440 1025 2490 suam
1045 2422 1153 2490 villam
1175 2422 1360 2490 Zsmmelin
1390 2421 1458 2491 Heu
1479 2421 1585 2490 omnm
1605 2435 1665 2505 ego
1686 2420 1852 2489 Heinriens
1872 2438 1925 2488 ar·

377 2524 588 2612 elriepiseopus
609 2532 644 2593 et
661 2543 720 2611 ego
740 2523 901 2593 Amoldus
922 2524 1160 2610 Poananiensis,
1194 2532 1230 2594 et
1259 2526 1315 2595 alii
1336 2525 1466 2595 Polonie
1485 2525 1623 2611 episcopi
1644 2524 1704 2592 sub
1724 2523 1926 2592 exeonmnnl·

378 2628 500 2699 satiem
520 2627 653 2696 tirmiter
674 2628 937 2696 coadmavimus
966 2613 1015 2698 Ut
1035 2648 1111 2714 ergo
1132 2630 1190 2698 hee
1211 2630 1318 2698 omnia
1335 2635 1408 2698 ratu
1427 2635 1463 2697 et
1482 2628 1516 2696 in
1535 2633 1722 2712 perpetuum
1742 2626 1926 2697 ineonrnlss

377 2736 588 2818 permaneant,
609 2738 789 2817 presentem
809 2732 956 2817 paginam
977 2732 1102 2800 exinde
1113 2733 1322 2819 eomeriptam
1339 2733 1436 2818 sigilli
1449 2732 1551 2800 nostri
1563 2736 1598 2799 et
1610 2731 1797 2817 principum,
1818 2747 1926 2800 eoram

377 2833 490 2920 quibus
510 2832 569 2902 beo
586 2832 672 2902 bete
692 2840 777 2917 sunt,
810 2835 1007 2919 inpressione
1024 2836 1214 2920 signavimus
1240 2841 1274 2903 et
1286 2835 1425 2920 ydemeos
1446 2841 1545 2902 testes
1561 2833 1774 2918 adhibuimus,
1791 2852 1926 2920 qaorum
1990 2874 1992 2879 ·

378 2935 504 3005 nomine
524 2934 582 3005 hee
602 2943 695 3004 sunt:
726 2937 896 3005 Hdarious
915 2937 1170 3024 archiepiscopus
1190 2937 1408 3022 Gneriaenzia,
1440 2938 1600 3006 arnoldus
1621 2939 1786 3025 episeopus
1806 2938 1927 3006 Poma·

378 3039 494 3108 aiensis
527 3039 561 3106 in
593 3040 683 3107 enias
714 3040 833 3109 dioeesi
854 3042 933 3108 situs
954 3047 1004 3109 est
1023 3040 1126 3124 loeus,
1160 3041 1346 3110 Vincentius
1365 3041 1596 3125 canoniensis,
1628 3040 1735 3109 Getko
1754 3040 1926 3125 Ploeemis,

184 3109 192 3207 '3
226 3149 228 3154 ’
378 3139 566 3210 laurentius
587 3141 867 3226 wratislaviensis,
889 3142 1003 3212 Oenius
1024 3143 1196 3228 Qavieasis,
1218 3143 1410 3214 lenrmtlus
1427 3143 1620 3213 Lnbusensis
1641 3145 1798 3232 episeopi3
1816 3144 1925 3230 Bogu-

380 3245 487 3314 ebalus
506 3245 547 3314 de
570 3244 735 3330 Craeovia,
757 3244 875 3332 Spmon
894 3246 936 3316 de
956 3248 1110 3332 lemida
1132 3247 1312 3333 Meingotus
1333 3246 1373 3316 de
1391 3247 1566 3317 Sebirmest
1582 3248 1752 3334 prepositi3
1787 3246 1926 3316 θεῶν·

378 3347 437 3418 dns
456 3347 704 3431 umidbmnus,
725 3348 822 3417 Vitas
843 3357 960 3434 mutos,
982 3358 1016 3419 et
1034 3350 1092 3418 alii
1112 3370 1209 3437 quam
1229 3351 1358 3438 plurimi
1378 3351 1521 3436 abbates,
1539 3352 1709 3439 prepositi,
1730 3350 1852 3434 deuant,
1873 3370 1925 3420 an·

380 3450 567 3536 ebidiaeoni,
589 3452 747 3535 canonici,
768 3453 922 3537 sardotes,
941 3453 1062 3538 defini,
1090 3460 1125 3522 et
1146 3460 1215 3523 tota
1234 3455 1364 3523 sinodum
1384 3455 1419 3523 in
1438 3456 1572 3524 sorimv
1592 3455 1760 3524 celebrata
1783 3455 1927 3524 lemtioo

379 3551 442 3622 dux
463 3554 629 3640 aramue,
653 3554 820 3624 eanredus
840 3557 920 3639 dux,
947 3556 1047 3625 buter
1067 3558 1135 3625 eius
1157 3558 1324 3628 Heinrieus
1345 3558 1410 3627 dux
1432 3559 1549 3643 Zlesie,
1577 3559 1729 3628 ilbertus
1749 3559 1926 3646 pudendum

380 3653 553 3752 (lornarisb,¹
574 3657 717 3743 laoobus,
737 3658 863 3742 Miesni,
885 3659 1035 3745 Ozstesh,
1056 3660 1163 3729 etalii
1183 3660 1311 3746 plurimi
1331 3661 1460 3732 Polonie
1477 3662 1653 3732 nobiliores
1672 3663 1791 3732 Datum
1811 3664 1846 3731 ln
1864 3662 1927 3730 Bo-
1973 3684 1976 3690 ’

379 3758 463 3828 rinos
482 3759 549 3829 1111
569 3760 729 3830 Kalendas
749 3762 897 3848 angusti,
914 3781 997 3832 auno
1018 3762 1060 3831 ab
1080 3763 1301 3833 lummatione
1321 3765 1449 3834 Domini
1459 3763 1624 3853 mccli,
1646 3767 1821 3838 indictione
1837 3765 1926 3836 xnt

483 3966 581 4052 dalis,
603 3971 717 4036 Kutiez.
752 3967 997 4054 Premmtensis,
1019 3974 1057 4037 de
1072 3975 1218 4059 Prema.
1242 3969 1346 4038 loom
1367 3969 1529 4056 tironus,
1550 3973 1640 4040 desib
1657 3979 1708 4040 aie
1725 3976 1924 4055 adeodatam.

381 4063 531 4154 bomne,
549 4075 686 4138 Domui.
705 4071 812 4155 colos,
836 4077 924 4139 Kato.
943 4074 1089 4157 Bueouiz,
1106 4079 1273 4142 Menoe.
1286 4074 1498 4160 Rozwarowo,
1520 4083 1570 4145 ale
1591 4082 1786 4159 odewalone.
1808 4076 1925 4161 Mouhl,

386 4173 499 4256 Noctu.
520 4173 639 4258 Ptouo,
661 4180 712 4240 nie
733 4180 931 4256 edendnm.
953 4174 1113 4261 Radomr,
1134 4181 1306 4244 semein.
1329 4177 1470 4257 Gomko,
1495 4185 1627 4248 dorsete.
1649 4180 1813 4265 Ozlonino,
1841 4183 1928 4248 Orto-

384 4280 461 4345 niae.
483 4277 628 4364 Zenona,
662 4284 804 4348 Statano.
828 4279 947 4362 clauo,
976 4285 1142 4348 Kluczeeo.
1164 4282 1329 4365 Pretsino,
1352 4287 1543 4365 Przpczpaa.
1570 4284 1740 4370 Kneginit,
1762 4289 1926 4373 Keifpbuti.

383 4373 564 4466 Ztemeusis,
587 4387 625 4448 de
646 4387 743 4449 Srem.
765 4382 909 4466 Zirsniai,
925 4388 1119 4450 Bzietrzailci
1142 4385 1242 4467 Roda,
1256 4389 1356 4452 nana.
1379 4386 1486 4471 Ponte,
1505 4391 1622 4468 Psorta
1644 4389 1780 4474 Dyznik,
1795 4393 1927 4472 Iliadum

383 4475 565 4568 minoda,
589 4489 746 4551 &nomba
768 4485 945 4570 Qaviensis,
966 4492 1005 4553 de
1022 4491 1161 4570 lannoy.
1182 4487 1387 4573 Lubuseusis,
1409 4493 1447 4557 de
1460 4492 1588 4557 anana
1611 4490 1765 4578 Iamsitia,
1779 4496 1927 4582 leemas.

383 4577 564 4672 bunnae,
586 4594 790 4658 mm.
812 4590 970 4674 Bomos,
992 4594 1185 4675 sormam
