4574 6240
1933 442 1981 517 tto

443 617 588 735 „pomam
604 651 743 736 graviter
764 650 1001 736 opprimentem,
1023 655 1179 730 moueant,
1202 654 1240 715 ut
1255 647 1338 716 boun
1351 647 1459 716 ablata
1473 648 1633 724 restituat,
1647 650 1682 714 et
1700 646 1728 714 si
1742 664 1868 715 neemse
1881 642 1987 727 luerit,

444 775 574 837 aarum
594 753 807 822 ecclesiastica
824 772 898 821 eum
918 752 959 820 ad
981 752 1040 819 boe
1061 750 1259 838 compellant.
1360 785 1363 790 ·

545 862 668 926 Bolaze
703 861 857 939 Epistoloe
887 860 1057 924 Imrocentii
1089 859 1146 938 Pp.
1178 856 1248 938 ΙΙΙ,
1270 875 1317 937 ep.
1342 858 1393 920 44.
1441 856 1610 936 uaeque
1645 857 1776 922 Amata
1812 856 1988 921 cistercien·

446 977 519 1040 m
540 965 605 1029 ΙΙΙ
617 982 651 1044 p.
672 963 745 1027 542.

558 1217 568 1238 .
604 1218 614 1238 .
644 1167 791 1255 episeopo
825 1166 984 1253 quondam
1016 1164 1274 1235 Alberstundeusi
1306 1171 1341 1234 et
1370 1166 1479 1235 abbati
1513 1166 1554 1235 de
1588 1164 1721 1235 Siebem.
1773 1164 1889 1252 lsqui
1920 1168 1990 1254 paci

446 1271 651 1351 eedeslsstlco
681 1269 810 1354 insidet,
842 1276 876 1339 et
907 1269 1007 1355 quieti
1035 1287 1132 1354 quarn
1162 1272 1196 1336 in
1226 1268 1301 1337 celis
1329 1286 1392 1337 non
1424 1272 1530 1356 potuit
1557 1287 1617 1338 sua
1643 1271 1844 1356 prepediente
1868 1272 1990 1339 malitia

446 1378 578 1452 retinere
598 1394 662 1443 uon
682 1372 784 1442 solum
805 1374 1001 1442 adversarios
1029 1373 1211 1442 manifestos
1240 1390 1314 1456 sepe
1339 1373 1487 1456 condtat,
1508 1379 1619 1441 contra
1644 1375 1744 1459 ipsam
1765 1376 1990 1443 verumetiam

446 1480 586 1575 proprios
628 1477 710 1546 tilios
750 1476 791 1545 ad
829 1476 1079 1545 molestationem
1115 1476 1213 1561 ipsius
1253 1493 1478 1560 nonnunquam
1512 1476 1645 1561 instigat
1679 1497 1700 1544 a
1734 1478 1848 1563 quibus
1884 1477 1992 1547 deien-

445 1584 539 1659 sionis
564 1582 702 1668 presidia
727 1579 926 1666 expectabat,
956 1587 994 1648 nt
1021 1599 1058 1649 eo
1084 1579 1312 1666 dispendiosior
1340 1579 1384 1647 sit
1410 1579 1496 1649 libus
1525 1582 1736 1651 infestationis
1767 1582 1900 1665 offensa,
1927 1601 1991 1668 quo

446 1690 546 1763 minos
582 1685 623 1755 de
657 1685 757 1771 ipsius
795 1683 941 1753 molestia
974 1682 1153 1752 timebatur.
1212 1681 1304 1766 Saue,
1332 1681 1416 1751 sicut
1448 1685 1636 1754 venerabilis
1670 1685 1769 1754 irater
1803 1693 1912 1756 uosoer
1940 1737 1949 1755 .
1981 1737 1990 1755 .

447 1786 638 1864 (inmensis
666 1786 918 1873 archiepiscopos
946 1785 1034 1872 gravi
1061 1785 1151 1854 nobis
1177 1785 1400 1873 conquestione
1427 1789 1629 1873 monstrarit,
1665 1790 1778 1857 nobilis
1807 1791 1857 1857 vir
1881 1789 1991 1858 Vladi·

446 1895 530 1966 slens
549 1890 614 1960 dux
634 1890 774 1973 Poloule,
803 1890 858 1974 qui
887 1887 1045 1958 diutmnis
1073 1909 1145 1958 eum
1175 1889 1299 1958 iniuriis
1330 1893 1366 1957 st
1395 1888 1551 1958 molestiis
1580 1891 1748 1969 boassirit
1777 1891 1896 1962 dudum
1922 1894 1994 1962 tbe·

445 2014 572 2070 aarum
592 1994 788 2064 libanensis
808 1992 937 2062 ecclesie
957 1992 1123 2079 occupavit
1146 2011 1185 2061 ex
1210 1991 1271 2061 boc
1291 1991 1408 2061 damna
1427 1994 1536 2080 gravia
1556 1994 1618 2081 ipsi
1636 1994 1817 2080 inferend03
1839 1998 1991 2083 quasdam

445 2105 571 2187 iusuper
590 2098 682 2168 villas
703 2097 836 2167 ecclesie
856 2102 1029 2165 memorate
1046 2095 1232 2180 combussit,
1260 2102 1295 2164 et
1323 2095 1510 2181 quibusdum
1538 2098 1609 2167 aliis
1637 2101 1783 2185 nequiter
1808 2100 1991 2181 devastatis,

446 2203 546 2274 mulla
565 2201 723 2270 cauomcis
745 2207 780 2269 et
805 2199 983 2269 bominibus
1002 2198 1237 2269 Gnesuensibus
1265 2200 1381 2268 damna
1409 2206 1443 2269 et
1465 2200 1596 2271 iniurias
1625 2203 1766 2288 irrogare
1790 2203 1991 2289 presumpsit

446 2306 594 2377 Homines
615 2325 741 2392 quoque
761 2306 802 2373 de
823 2304 964 2388 Gnmna,
985 2304 1027 2372 ad
1047 2304 1177 2373 eandem
1198 2303 1361 2373 ecclesiam
1379 2305 1585 2389 pertinentes,
1605 2305 1697 2374 bonis
1719 2307 1784 2374 suis
1804 2326 1863 2392 per
1875 2305 1992 2376 violen-

446 2412 522 2483 tiam
543 2409 709 2496 spoliant,
742 2415 912 2495 postquam
938 2407 1022 2476 idem
1050 2407 1302 2494 archiepiscopus
1326 2408 1390 2476 iter
1419 2409 1555 2492 erripuit
1579 2408 1622 2476 ad
1657 2408 1769 2478 Sedem
1787 2409 1992 2496 apostolicam

445 2512 596 2586 mendi
640 2511 721 2582 Gom
746 2512 845 2599 igitur
870 2511 1067 2579 &mimulam
1095 2516 1145 2579 tot
1169 2509 1310 2578 eiusdem
1337 2508 1469 2578 ecclesie
1496 2513 1679 2597 mosamius
1704 2531 1905 2599 nequeamus,
1932 2532 1990 2598 per

445 2615 617 2706 apostolica
648 2617 736 2686 vebis
765 2619 885 2703 scripta
915 2615 1117 2702 precipiendo
1148 2614 1349 2696 mandamus,
1382 2619 1538 2699 quatenus
1567 2614 1693 2683 eosdem
1724 2616 1992 2702 archiepiscopum

446 2727 540 2808 atque
558 2720 669 2789 ducem
689 2721 907 2806 personaliter,
931 2719 1102 2788 secuudum
1130 2718 1215 2805 quod
1236 2719 1270 2784 in
1290 2716 1447 2802 prioribus
1467 2717 1585 2785 litteris
1596 2719 1722 2786 uostris
1747 2719 1836 2787 vobis
1856 2720 1992 2787 minuri-

264 2882 268 2895 .
445 2843 515 2894 mus
535 2824 698 2908 adeuntes,
719 2825 840 2892 dictum
860 2823 982 2906 ducem,
1003 2829 1042 2891 nt
1062 2823 1164 2891 eidem
1184 2821 1418 2908 archiepiscopo
1439 2827 1473 2888 et
1492 2823 1559 2890 suis
1579 2820 1760 2891 bominibus
1781 2841 1878 2908 snper
1893 2821 1992 2891 illatis
2053 2875 2055 2880 .

263 2919 271 3001 i
394 3005 401 3020 ‚
446 2927 567 2997 mmub
588 2932 623 2996 et
642 2927 766 2996 iniuriis
786 2928 935 3012 lmogatis
956 2927 1131 2996 satisfaciat
1151 2930 1366 3011 competenter
1385 2923 1501 2993 ablatis
1519 2925 1663 2994 omnibns
1677 2927 1844 3010 restitutis,
1864 2944 1992 2995 mouere

264 3018 270 3030 “
446 3029 644 3118 providenter
674 3034 710 3099 et
736 3030 885 3100 iuducere
912 3031 1097 3116 procuretis,
1127 3032 1231 3117 ipsum
1258 3029 1301 3097 ad
1329 3029 1390 3098 boc
1417 3028 1446 3096 si
1471 3049 1599 3099 neeesse
1626 3029 1724 3100 fuerit
1750 3050 1808 3116 per
1828 3049 1992 3099 censuram

446 3133 688 3204 eeclesimtloam
709 3135 882 3221 apostolica
901 3134 1107 3218 authoritate,
1129 3135 1253 3204 radone
1274 3135 1392 3219 previa,
1412 3133 1646 3219 compellentes.
1679 3134 1789 3203 Testes
1810 3141 1917 3219 eutem
1938 3134 1993 3219 qui

446 3235 563 3305 luerint
582 3238 747 3322 nominati,
768 3240 796 3305 si
816 3256 851 3306 se
871 3239 985 3325 gratia,
1016 3238 1089 3306 odio
1111 3238 1161 3307 rel
1190 3238 1303 3305 timue
1332 3236 1558 3322 subtraxerint,
1584 3255 1642 3321 per
1662 3256 1825 3306 censuram
1845 3237 1990 3320 similem,

446 3340 655 3426 appellatione
675 3347 828 3424 memte,
850 3343 970 3428 cogatis
991 3343 1122 3411 veritati
1135 3340 1351 3410 testimonium
1366 3339 1540 3425 perbibere
1558 3339 1679 3408 Datum
1692 3339 1843 3410 Laterani
1856 3339 1993 3411 secundo

448 3440 605 3513 Kalendas
625 3444 715 3529 Maii,
737 3443 939 3531 pontificatus
958 3446 1060 3514 nostri
1080 3464 1163 3514 auno
1185 3449 1301 3531 quarto
1321 3441 1451 3512 decimo.

546 3648 838 3736 Alberstaudeusis,
870 3655 910 3719 de
933 3654 1136 3720 saturabat.
1168 3649 1308 3734 Sicbem,
1345 3652 1498 3716 meto
1527 3638 1683 3716 elamore
1714 3671 1742 3715 so
1773 3650 1995 3716 summust

267 3750 272 3799 ¹
443 3771 478 3833 p.
502 3755 646 3822 Μαι.

267 3888 273 3935 ι

1141 3949 1216 4037 Nr.
1249 3942 1318 4035 72.

551 4144 1127 4250 Innocentiuslp.111121t
1164 4146 1252 4230 ilat
1287 4146 1355 4242 18,
1388 4143 1580 4248 laternum
1620 4162 1753 4247 sarapte
1787 4162 1995 4233 wuouuum

449 4259 564 4332 Odouia
585 4265 685 4334 filium
704 4267 817 4335 ducem
838 4266 986 4337 Polouiae
1006 4267 1064 4336 sub
1082 4269 1113 4337 b.
1136 4267 1224 4336 Petri
1245 4272 1280 4335 et
1296 4283 1386 4334 suem
1404 4266 1641 4349 protectionem

553 4373 674 4438 Bobcze.
696 4375 851 4453 Epictetus
874 4376 1044 4440 Irmocentii
1062 4379 1119 4455 Pp.
1144 4375 1213 4447 III,
1235 4392 1284 4453 ep.
1301 4373 1355 4438 51.

548 4573 656 4644 Nobili
673 4576 741 4644 viro
764 4576 937 4646 wladislao
959 4586 1033 4647 nato
1056 4577 1213 4664 quondam
1233 4576 1349 4646 nobilis
1372 4575 1432 4643 riri
1451 4573 1591 4643 Oddonis
1620 4574 1711 4644 ducis
1731 4574 1870 4644 Polouie
1916 4575 1995 4644 Cum

452 4676 583 4747 anobis
602 4679 722 4765 petitur
742 4681 827 4764 quod
849 4681 968 4749 iustum
990 4687 1039 4748 est
1060 4699 1098 4748 ac
1119 4680 1295 4761 bonmtum,
1317 4685 1384 4746 tam
1405 4678 1494 4762 sigor
1512 4678 1665 4763 equitatis
1686 4697 1781 4764 quam
1801 4679 1879 4747 ordo
1899 4679 1998 4763 exigit

451 4776 588 4865 rationis,
610 4787 648 4850 ut
667 4782 701 4850 id
721 4802 779 4869 per
799 4783 1040 4852 sollicitudinem
1062 4782 1155 4850 oflicii
1178 4782 1278 4850 nostri
1299 4782 1340 4849 ad
1360 4781 1503 4849 debitum
1525 4781 1716 4865 perducamur
1737 4780 1891 4850 ellectum.
1933 4782 1997 4850 Eo·

451 4887 578 4966 propter
607 4883 721 4954 dilecte
752 4885 786 4952 in
811 4885 946 4954 Domino
972 4885 1033 4967 lili,
1063 4885 1236 4954 devotionis
1265 4891 1320 4953 tue
1346 4883 1562 4952 sinceritatem
1588 4903 1684 4969 quam
1710 4885 1794 4953 circa
1816 4884 1996 4953 libertatem

451 4980 690 5055 eoeleeinstieam
715 4988 799 5073 geris
829 4994 864 5055 et
892 5005 986 5073 qnam
1015 4988 1155 5057 ecelesiis
1183 4994 1217 5055 et
1237 4987 1378 5072 personis
1397 4985 1619 5056 ecclesiasticis
1640 4987 1674 5054 in
1696 4993 1751 5055 tuo
1773 4987 1892 5057 ducatu
1909 5006 1996 5057 reco-

451 5085 592 5162 moriae
621 5089 793 5159 dinosceris
822 5092 1037 5175 attendentes,
1063 5098 1101 5159 nt
1128 5092 1169 5159 ab
1194 5091 1335 5160 Ecclesia
1359 5090 1564 5176 pmtectiouis
1587 5091 1726 5175 graciam
1754 5092 1874 5160 seudas
1899 5109 1996 5176 quam

452 5188 568 5270 tineis
588 5190 750 5277 bonorare,
769 5213 934 5279 personam
957 5200 1043 5263 tunm
1071 5214 1141 5263 cum
1165 5194 1318 5262 universis
1347 5192 1438 5261 bonis
1465 5211 1529 5278 que
1549 5194 1584 5261 in
1605 5194 1835 5277 presentiarum
1856 5196 1996 5264 rationa-

452 5277 556 5358 biliter
569 5295 710 5378 possidm
726 5302 784 5364 aut
805 5297 838 5363 in
856 5296 997 5365 futurum
1019 5298 1111 5365 iustis
1133 5297 1232 5365 modis
1254 5297 1373 5382 poteris
1392 5296 1534 5382 mlipisei,
1553 5297 1613 5364 sub
1634 5296 1719 5365 beati
1733 5298 1822 5367 Petri
1836 5304 1871 5366 et
1887 5305 1997 5368 nostra

454 5394 645 5466 brotoctioue
679 5398 865 5484 suscipimus
895 5405 930 5468 ct
957 5401 1113 5486 presentis
1141 5401 1252 5487 scripti
1280 5399 1455 5486 patrocinio
1482 5399 1719 5468 commuuimus.
1768 5402 1819 5470 Ad
1847 5401 1996 5472 iudicium
