4574 6240
1967 345 2038 422 tlt

489 557 642 625 letamur
662 547 802 634 presenti
824 547 940 632 inno
960 553 994 615 et
1014 552 1239 634 protestamur,
1269 547 1354 631 quod
1373 549 1422 615 vir
1448 546 1562 616 nobilia
1588 547 1769 617 Bronissius
1795 565 1898 616 comcs
1924 545 2042 615 obtulit

490 651 680 742 sepedictam
698 650 804 718 villam
825 650 1030 735 proprietatis
1051 669 1118 733 sno,
1139 669 1210 718 cum
1232 651 1377 718 omnibus
1399 649 1490 718 bonis
1512 658 1546 717 et
1565 651 1650 718 villis
1670 651 1747 733 suis,
1770 669 1842 719 cnm
1867 651 1954 719 omni
1974 650 2042 718 iure

192 758 200 772 '
347 747 350 751 ’
489 753 692 846 proprietatis
713 757 748 820 et
768 754 926 834 utilitatis,
949 755 1158 838 omnipotenti
1181 753 1248 822 Dco
1270 760 1304 822 et
1324 754 1460 839 gloriose
1481 754 1577 822 matri
1597 773 1655 820 sne
1676 771 1801 838 semper
1814 754 1929 838 virgini
1940 754 2043 823 Mario

488 862 529 932 acl
549 876 630 941 opus
661 857 843 923 monasterii
864 856 1076 938 construendi,
1107 863 1140 923 et
1165 855 1292 923 domino
1316 855 1713 940 H.nbbntide1ennyn,
1748 862 1782 923 et
1806 853 1958 923 iratribus
1977 857 2043 923 suis

488 959 622 1033 eontulit
641 964 675 1025 et
696 975 753 1024 sno
774 958 937 1042 privilegio
958 956 1163 1025 confirmarit.
1192 957 1282 1038 Quod
1303 976 1343 1024 ne
1364 958 1532 1042 quisquam
1554 975 1633 1026 ausu
1648 957 1816 1024 temerario
1830 954 1947 1024 futuris
1962 964 2041 1025 tem·

345 1062 355 1123 ε’
487 1062 811 1156 poribuauetractare
833 1067 1004 1145 presumat,
1027 1061 1076 1128 rel
1098 1078 1195 1145 super
1212 1057 1390 1126 huiusmodi
1417 1059 1590 1128 donacione
1610 1059 1753 1144 legitima
1773 1059 2043 1144 sepenominatam

346 1176 350 1181 '
488 1163 715 1238 monasterinm
737 1163 914 1247 molestare,
938 1163 1131 1232 auctomtatc
1152 1162 1213 1230 Dei
1234 1162 1461 1245 omnipotentis
1490 1168 1524 1229 et
1552 1162 1769 1246 apostolorum
1789 1160 1878 1228 Petri
1896 1167 1931 1230 et
1950 1161 2044 1229 Pauli

488 1291 526 1344 ec
545 1273 667 1350 nostra,
689 1266 749 1334 snb
769 1267 971 1335 anathemate
991 1267 1205 1352 prohibemus.
1250 1265 1424 1332 litantem
1452 1271 1619 1349 protusata
1640 1271 1751 1332 nostra
1772 1268 1806 1330 et
1827 1262 1967 1347 Capituli
1988 1283 2045 1332 no·

488 1372 547 1442 stri
568 1370 699 1438 donacio
720 1374 755 1438 et
776 1369 974 1437 confirmacio
995 1370 1237 1455 prememoratis
1257 1367 1410 1434 iratribus
1431 1372 1503 1434 rata
1528 1366 1716 1451 stabilisque
1740 1372 1935 1450 permaneat,
1957 1366 2045 1452 sigil-

347 1534 355 1559 ,
489 1477 592 1544 lorum
614 1471 798 1554 intuitione,
820 1471 967 1540 videlieet
988 1479 1097 1540 nostro
1119 1479 1155 1540 et
1175 1471 1314 1556 capitoli
1330 1470 1441 1552 nostri,
1464 1470 1594 1537 lecimus
1609 1470 1691 1539 banc
1705 1469 1972 1553 comoripcionern
1984 1489 2042 1538 no·

347 1656 350 1661 ,
389 1636 392 1644 .
488 1583 588 1647 snam
618 1573 771 1659 insigniri
814 1575 899 1642 Acta
923 1578 999 1642 sunt
1028 1574 1087 1645 bec
1114 1593 1200 1643 anno
1230 1572 1335 1659 macie
1366 1570 1646 1656 dccxxxiiii
1677 1570 1836 1640 Kalendas
1868 1570 2045 1656 Februarii,

488 1679 613 1766 iipacta
632 1675 764 1744 XXVIa
786 1675 961 1745 Indictione
981 1677 1096 1763 quina
1115 1677 1157 1764 (si
1174 1677 1199 1762 ).

590 1882 771 1967 &wana
789 1889 896 1948 mete
918 1877 1029 1964 Maria,
1050 1886 1130 1947 olias
1151 1879 1338 1964 ῦοεωωνε,
1361 1882 1430 1947 atrii
1448 1885 1599 1966 Pendet
1639 1862 1789 1967 ‘Lennym
1809 1883 1916 1960 lma.

1029 2229 1031 2232 ⁴
1158 2178 1233 2266 Nr.
1267 2176 1366 2265 130.

219 2418 231 2459 .·
348 2478 352 2485 ι
593 2374 828 2462 wladislaus
854 2376 932 2460 dux
958 2375 1109 2460 Polonio
1135 2375 1705 2480 warnestunensis,
1730 2391 2047 2480 smuvogtuman·

163 2548 172 2566 .
218 2521 232 2577 ,·
348 2579 358 2601 '
491 2505 593 2567 torem
613 2497 765 2567 eoeleshe
786 2495 980 2565 Gnennenais
1008 2496 1179 2564 contulisse
1206 2496 1369 2564 monacbis
1402 2496 1587 2564 monasterii
1610 2495 1650 2563 de
1680 2494 1793 2563 lelna
1817 2496 2047 2565 haereditatem

492 2599 580 2671 Obra
601 2605 636 2668 ct
655 2599 737 2670 alias
756 2599 945 2682 adiacentes,
963 2617 1021 2684 pro
1043 2597 1205 2666 fundanda
1231 2598 1344 2667 ibidem
1365 2598 1496 2668 abbatia
1521 2599 1581 2668 sub
1606 2598 1718 2684 regula
1743 2600 1846 2668 sancti
1872 2599 2046 2669 Benedicti

347 2754 357 2801 ᾗ
580 2703 715 2770 Pomm.
758 2707 875 2785 Kooiot.
899 2706 1005 2768 Stante
1024 2704 1117 2768 Areia
1151 2704 1242 2784 Obra,
1265 2704 1326 2768 tto.
1351 2709 1454 2784 privii
1473 2708 1526 2783 sot
1548 2705 1579 2770 t.
1600 2704 1643 2790 (Ζ
1661 2707 1825 2784 amabantur
1843 2714 2045 2786 opotrzoaepo

347 2868 359 2951 ξ
486 2807 668 2897 pauperat
1928 2945 1931 2950 .
2134 2808 2137 2813 ’

594 3009 633 3079 1n
653 3011 780 3080 nomine
800 3010 926 3080 Domini
945 3029 1048 3080 amen.
1093 3010 1160 3096 Ego
1182 3009 1374 3087 wladislaus
1396 3009 1456 3080 Dei
1474 3011 1582 3097 gracia
1602 3010 1667 3079 dux
1687 3009 1818 3079 Polonie
1839 3018 1950 3080 notum
1964 3010 2047 3081 iaeio

408 3163 412 3170 -
492 3119 558 3184 tam
576 3114 776 3202 presentibus
797 3135 893 3202 qnam
913 3114 1040 3197 futuris,
1060 3111 1146 3198 quod
1168 3112 1357 3182 Sandiroius
1376 3121 1489 3182 oantm
1508 3114 1638 3183 ecclesie
1664 3112 1861 3183 Gneznensis
1889 3114 2048 3184 beredita-

491 3223 540 3288 tes
565 3219 693 3306 proprio
719 3219 782 3286 iuri
807 3219 953 3286 cedentes
975 3218 1016 3286 ab
1041 3220 1160 3286 attavis
1186 3238 1225 3286 ex
1251 3219 1383 3303 antiquo
1403 3235 1575 3305 possessas,
1596 3217 1719 3286 scilieet
1741 3218 1869 3301 Obram,
1897 3218 2046 3301 Gorcam,

351 3389 354 3393 ,
492 3319 612 3403 Orode,
633 3319 854 3402 Gromadeino,
876 3321 1028 3404 Godlevo,
1049 3320 1183 3402 lannez,
1207 3338 1279 3388 com
1293 3319 1434 3404 bcobus,
1461 3321 1573 3406 pratis,
1595 3321 1702 3406 sylvis,
1724 3322 1923 3404 molendinis,
1946 3323 2049 3409 pisca·

491 3423 633 3492 clunibus
655 3424 689 3491 in
709 3423 812 3490 fluviis
834 3422 929 3505 Obra,
950 3423 1070 3508 Dorta,
1093 3431 1127 3492 et
1156 3422 1301 3493 omnibus
1326 3425 1525 3492 attinenciis:
1551 3424 1586 3490 in
1609 3425 1792 3492 memoriam
1820 3432 1854 3492 et
1875 3426 2049 3493 remedium

137 3548 142 3573 ·
187 3528 195 3544 '
217 3579 227 3611 ,
349 3534 351 3538 '
491 3545 549 3595 suo
569 3526 675 3595 anime
695 3526 858 3595 monachis
878 3523 1102 3594 Lnknenaibus
1125 3525 1342 3593 cisterciensis
1357 3525 1486 3594 Ordinis
1507 3526 1549 3595 ad
1563 3525 1728 3595 abbaciam
1742 3527 1986 3596 constmendam
1999 3535 2049 3595 at·

348 3678 353 3698 .
404 3661 409 3671 ·
492 3627 1111 3716 queiaibiDeoetpieblatriipaiua
1139 3627 1335 3712 subregulo
1360 3629 1463 3696 sancti
1495 3627 1659 3697 Benedicti
1684 3629 1798 3698 devote
1827 3631 2048 3713 militantibus,

349 3766 353 3801 ε
491 3730 561 3798 lure
579 3731 847 3822 cessitfpcrpetuo
868 3728 1082 3815 possidendas.
1127 3729 1238 3814 igitur,
1257 3749 1297 3797 ne
1318 3730 1405 3798 labili
1427 3730 1519 3814 lapsu
1537 3731 1631 3798 cadat
1652 3733 1811 3814 memorie,
1834 3734 1971 3818 posterla
1992 3751 2049 3800 no·

348 3823 351 3829 ’
494 3831 571 3900 stris
591 3832 775 3901 commendo
795 3852 833 3900 nc
852 3831 1025 3900 inviolabili
1047 3839 1150 3918 pacto,
1173 3833 1415 3919 subscripcionis
1437 3839 1545 3903 nostre
1566 3834 1775 3920 chirographo
1789 3837 1925 3903 terime
1938 3835 2049 3921 utique

492 3933 636 4017 subnixo,
659 3940 764 4003 ratum
789 3935 895 4003 haberi
917 3935 1061 4005 decerno.
1106 3935 1196 4016 Quod
1218 3937 1245 4002 si
1267 3938 1338 4021 quis
1359 3955 1439 4003 ausu
1462 3938 1630 4006 munerario
1651 3936 1752 4005 fretus
1767 3944 1969 4023 pretaxatam
1991 3940 2066 4034 ἰιιι-Ἰ

493 4043 618 4106 mamre
638 4037 688 4105 tel
708 4037 878 4123 infringere
896 4040 1132 4123 presumpserit,
1154 4043 1305 4123 unquam
1327 4044 1436 4104 nostre
1454 4039 1621 4107 insidiator
1648 4040 1835 4123 maiestatis,
1858 4041 1954 4126 digna
1973 4059 2048 4109 rena

209 4177 225 4194 ·
348 4144 356 4213 i
493 4139 762 4209 auimadversione
790 4141 948 4225 plectetur
976 4140 1162 4224 puniendus.
1209 4139 1323 4208 Lutole
1351 4138 1451 4207 eciam
1480 4142 1616 4208 contulit
1643 4142 1728 4226 qnod
1750 4141 1912 4210 madidum
1932 4142 2050 4210 dicitur

349 4284 380 4332 ‚3
492 4260 564 4310 cum
584 4241 715 4309 umbos
735 4250 770 4309 et
786 4242 930 4310 omnibus
951 4243 1141 4310 attinenciis.
1170 4241 1272 4309 Adest
1291 4241 1392 4309 eciam
1413 4242 1585 4311 illustrium
1605 4245 1745 4313 riromm
1763 4244 1814 4312 vel
1836 4247 1967 4313 testium
1988 4244 2045 4313 ad·

209 4383 225 4400 ·
349 4396 357 4461 ὲ
493 4344 660 4430 stipulatio
689 4345 855 4413 comitum:
890 4345 1074 4429 Bogumilns
1106 4345 1325 4427 Bezdrvoticn,
1355 4346 1470 4413 Petras
1491 4345 1628 4432 Oggerii,
1658 4348 1832 4433 Dirsicyait,
1859 4347 2049 4432 Dobrngost,

492 4445 669 4521 inluniae,
700 4446 807 4514 Miron
829 4447 970 4529 Henrici,
1002 4445 1118 4514 iratres
1148 4447 1308 4532 patrueles
1332 4447 1472 4515 eiusdem
1497 4449 1650 4531 cantoria
1685 4449 1878 4517 Baldeuinus
1901 4451 2050 4532 demnas,

495 4547 696 4617 cmiadanua
717 4549 954 4618 medidiacoma
976 4549 1180 4630 (lucanensis,
1201 4558 1235 4617 et
1257 4549 1329 4616 aliis
1351 4550 1520 4634 pluribus·
1549 4553 1632 4621 Acta
1649 4557 1726 4620 aunt
1746 4552 1806 4620 bec
1826 4571 1909 4620 mmo
1923 4552 2051 4622 Domini
2144 4646 2148 4651 η

494 4651 663 4721 millesimo
683 4652 896 4722 oooentsimo
915 4653 1078 4738 trigesimo
1100 4653 1213 4738 primo.
1775 4675 1779 4681 ·

596 4854 691 4940 Obra,
731 4859 817 4924 obre
862 4856 976 4940 dorca,
1009 4823 1231 4940 Gromadcino,
1252 4820 1416 4939 'Godlero
1447 4864 1498 4925 ate
1533 4864 1733 4941 σαραάιιῑοηι.
1778 4817 1899 4944 Orotle,
1926 4863 2047 4928 Kmtte.

349 5002 353 5010 ·
494 4959 636 5042 lamna,
655 4965 801 5028 lariniec.
845 4963 977 5027 Rzeczlri
997 4960 1093 5045 Obie,
1114 4961 1226 5046 Dojea,
1250 4961 1317 5025 dzii
1343 4965 1396 5026 tat
1417 4981 1507 5029 como.
1552 4962 1743 5047 Luknensis,
1773 4969 1812 5030 de
1831 4966 1942 5029 letne.
1985 4960 2050 5029 Lu·

349 5072 357 5155 j
496 5062 566 5135 tole.
581 5063 752 5148 madiam,
776 5067 886 5145 notro
907 5067 1038 5131 latolet
