4574 6240
1370 786 1373 789 ’
1425 843 1499 930 ro.
1531 840 1601 930 aa.

843 1039 1023 1125 hienricus
1049 1041 1199 1125 Polonie
1227 1041 1521 1146 archiepiscopus
1548 1044 1670 1122 1214
1696 1062 1726 1124 s.
1753 1041 1788 1124 d.
1816 1042 1854 1123 et
1879 1040 2279 1149 immorassemus,

740 1161 924 1231 festivitatis
944 1181 971 1230 s.
995 1162 1185 1231 Comenses
1210 1163 1243 1231 iu
1265 1163 1428 1231 ecelesiam
1450 1163 1633 1232 monmterii
1654 1163 1694 1231 de
1715 1163 1921 1231 Truemeszuo
1949 1163 2161 1248 convenienti,
2186 1169 2279 1246 muel.

739 1265 879 1352 gendum
901 1269 944 1334 80
962 1265 1091 1334 cherum

848 1371 1048 1436 ilremeezuo.
1083 1373 1202 1435 Archia
1236 1373 1319 1436 Canu
1348 1375 1522 1436 σαιιοιιίοον.
1544 1375 1687 1453 cepam.
1710 1372 1852 1436 werce
1875 1371 1938 1439 tto.
1956 1376 2058 1453 privet
2074 1375 2131 1451 sol.
2153 1377 2184 1441 4.

843 1575 936 1642 huno
958 1574 1190 1643 lucornaeionis
1204 1577 1357 1645 dominice
1376 1575 1580 1645 cucumin
1600 1595 1658 1661 epo
1677 1573 1833 1643 Henricus
1848 1575 1909 1642 Dei
1921 1577 2030 1662 maela
2043 1577 2174 1647 Polonie
2186 1586 2280 1655 meisi.

739 1677 915 1764 episeopus,
936 1676 1045 1745 eodem
1065 1697 1148 1746 anno
1170 1680 1361 1747 constitutus
1382 1681 1554 1764 apostolice
1582 1678 1671 1747 Sedis
1698 1678 1835 1763 legatus,
1861 1679 2015 1748 universis
2036 1683 2233 1766 presentibus
2252 1702 2281 1760 ot

739 1781 875 1866 posteris
895 1787 1005 1848 netum
1026 1779 1120 1862 heio,
1149 1781 1233 1865 quod
1258 1781 1291 1847 in
1322 1782 1476 1867 principio
1498 1782 1667 1867 legacionis
1697 1801 1766 1849 mec
1787 1783 1821 1848 iu
1843 1781 2068 1851 chermesnom
2089 1786 2225 1872 veniens,
2244 1796 2280 1861 ad

742 1883 931 1971 peticionem
946 1883 1053 1951 dilecti
1074 1883 1131 1950 lilii
1153 1884 1197 1951 hl.
1221 1886 1373 1969 prepositi
1395 1891 1428 1953 et
1448 1884 1584 1952 fratrum
1606 1885 1744 1953 eiusdem
1765 1886 1828 1955 loci
1850 1886 1953 1954 elme
1967 1887 2000 1954 iu
2015 1887 2166 1956 honorem
2180 1902 2281 1966 enee

741 1986 911 2056 Gatherine
942 1987 1053 2071 quinte
1082 1986 1241 2055 Kalendas
1267 1987 1413 2056 Octobris
1442 1989 1631 2056 consecravi
1676 1987 1948 2074 Consideratoque
1968 1991 2002 2057 iu
2025 1990 2135 2058 eadem
2156 1994 2282 2067 ecelesia

740 2109 894 2159 muenrsu
912 2095 946 2158 et
965 2090 1132 2158 devocione
1158 2090 1265 2175 populi
1296 2093 1408 2174 statui,
1438 2097 1476 2158 ut
1504 2091 1536 2158 ic
1566 2091 1763 2160 revolutione
1785 2091 1967 2160 festivitatis
1988 2094 2128 2163 eiusdem
2149 2095 2281 2185 damah,

738 2192 875 2281 populus
896 2191 940 2261 ibi
966 2193 1150 2262 conveniens
1176 2214 1197 2261 a
1223 2195 1381 2278 preposito
1407 2196 1474 2263 sive
1499 2216 1521 2263 a
1547 2195 1699 2264 hauteur
1722 2214 1762 2263 ex
1786 2195 1978 2265 auctoritate
2004 2217 2077 2266 mea
2105 2199 2283 2284 octuaginta

739 2295 863 2365 dierum
883 2296 1111 2382 indulgenciam
1130 2298 1292 2383 pereipiat.
1336 2298 1381 2365 Et
1398 2317 1438 2366 ne
1465 2297 1516 2366 cui
1544 2298 1577 2365 id
1599 2298 1739 2366 minuere
1764 2298 1815 2367 val
1844 2299 1950 2368 delere
1974 2299 2094 2368 volenti
2120 2299 2283 2385 prebeatur

739 2401 872 2485 occasio,
893 2420 933 2469 ex
954 2401 1153 2470 auctoritatis
1172 2407 1332 2488 potestate
1348 2400 1444 2471 miehi
1466 2402 1584 2470 tradite
1604 2407 1782 2489 presentem
1804 2401 1959 2471 eertulm
1973 2402 2179 2488 impressione
2192 2404 2283 2491 sigilli

730 2505 803 2574 'mei
823 2503 914 2573 lirnro
935 2503 1089 2590 inhibens,
1111 2511 1145 2574 et
1165 2506 1324 2575 stabiliter
1343 2510 1529 2592 perpetuum
1549 2504 1658 2575 haberi
1678 2505 1796 2573 volens.

843 2708 1045 2798 Ghmesna,
1071 2715 1272 2782 thumum.

1431 2909 1505 2996 Nu.
1538 2907 1608 2996 84

841 3107 994 3213 hiengos
1018 3110 1190 3214 proposit
1215 3109 1259 3192 do
1283 3109 1496 3193 dhhmosua
1522 3111 1559 3192 et
1585 3108 1766 3192 deuterus
1793 3107 1985 3200 docende
2001 3105 2139 3190 Ploeclr
2165 3111 2284 3188 1215

739 3249 768 3313 a
794 3229 839 3332 d,
865 3231 908 3314 in
933 3229 1155 3313 Wlodislav
1180 3253 1283 3335 sene;
1311 3248 1494 3317 renuent
1525 3246 1662 3314 hermas
1696 3245 1894 3328 emmeram
1920 3245 2067 3314 culmum
2097 3245 2284 3313 monaterio

739 3350 779 3419 de
800 3349 945 3419 Str-aeine
967 3359 1078 3420 contre
1097 3351 1267 3419 erronem
1290 3352 1470 3437 episcopum
1497 3350 1728 3432 Cuiaviensem,
1750 3355 1784 3416 et
1812 3354 2039 3433 protestantur,
2064 3355 2173 3433 partes
2197 3367 2285 3434 prae·

738 3452 840 3524 dietas
862 3453 902 3523 de
922 3455 999 3523 villu
1018 3454 1179 3539 Otiuciue,
1201 3455 1378 3524 molendino
1400 3457 1433 3523 iu
1455 3455 1673 3522 vaieeiszevvo
1695 3460 1729 3522 et
1749 3452 1871 3520 decima
1888 3451 1929 3520 de
1948 3450 2076 3537 dejecto
2096 3453 2282 3521 marcuisse.

844 3562 990 3626 sorzano.
1035 3565 1139 3626 Priod.
1161 3565 1336 3625 cemeterii
1354 3579 1378 3626 s.
1402 3562 1533 3625 Merme.
1556 3561 1618 3624 Lid.
1635 3563 1734 3640 patuit
1753 3560 1807 3635 sot
1828 3558 1871 3621 31
1893 3576 1919 3622 o.

842 3765 881 3834 ln
903 3767 1029 3834 nomine
1050 3765 1176 3833 Domini
1196 3767 1297 3833 nostri
1322 3765 1394 3833 Iesu
1421 3764 1541 3833 Christi
1566 3783 1667 3833 amen.
1711 3763 1762 3832 Ne
1793 3781 1865 3831 eum
1897 3761 2014 3829 mundo
2047 3762 2136 3830 labili
2164 3761 2237 3830 laha

739 3868 823 3953 quod
844 3867 886 3938 ab
906 3868 1052 3938 humanis
1072 3871 1177 3954 agitur
1198 3868 1331 3951 actibus,
1350 3869 1489 3937 eternari
1510 3867 1605 3936 dehet
1621 3885 1699 3934 voce
1713 3866 1843 3935 testium
1857 3871 1891 3933 et
1905 3865 2086 3933 teshmonie
2100 3865 2285 3932 litterarum.

739 3971 818 4039 Inde
837 3977 888 4039 est
908 3970 993 4058 quod
1014 3990 1071 4039 nos
1092 3971 1222 4056 hiengos
1243 3973 1421 4056 prepositus
1443 3972 1482 4038 de
1505 3971 1691 4039 Chirmvsna
1710 3977 1744 4038 et
1765 3969 1927 4037 Gunterus
1948 3967 2086 4055 decanus
2101 3968 2141 4036 de
2161 3966 2285 4047 Ploczk,

739 4074 857 4142 iudices
877 4074 1014 4160 ddegati
1042 4095 1063 4143 a
1089 4075 1208 4159 synodo
1229 4076 1411 4159 provinciali
1434 4073 1544 4143 habita
1564 4076 1598 4142 in
1624 4074 1773 4160 Weyhor,
1801 4079 1912 4141 notum
1936 4070 2069 4139 mimus
2091 4070 2286 4157 presentibus

739 4183 774 4246 et
794 4179 940 4264 posteris,
962 4179 1045 4263 qnod
1066 4178 1205 4246 Bartone
1227 4179 1372 4264 episeopo
1395 4177 1583 4262 Ouyaviensi
1605 4182 1768 4261 repetente
1780 4196 1802 4244 a
1816 4175 1947 4261 collegio
1961 4174 2137 4243 Strelnensi
2151 4174 2286 4242 decim

741 4279 951 4366 itascilicet
977 4280 1113 4363 Stuelne,
1138 4280 1316 4366 Vugerske,
1337 4281 1481 4350 Dlotovvo
1503 4281 1587 4366 quod
1617 4281 1798 4347 nominatur
1819 4279 1941 4361 Knase,
1960 4277 2146 4360 Strunbodr,
2171 4278 2228 4345 Ριι
2261 4302 2265 4333 ι

739 4402 824 4467 sevo,
844 4382 1019 4465 Sokoluilri,
1042 4383 1233 4465 Ceneiwslso,
1255 4383 1380 4467 Bolsko,
1400 4383 1518 4466 lezorn,
1540 4384 1724 4465 Lubesovvo,
1746 4383 1958 4468 Rzodequino,
1973 4381 2159 4467 Knuginice,
2175 4381 2286 4449 hiulco·

740 4485 816 4553 vilui
837 4505 971 4573 quorum
993 4485 1143 4554 Crueiieri
1166 4493 1288 4573 portem
1312 4492 1430 4570 tenent,
1443 4486 1632 4555 liodomino:
1656 4488 1836 4571 prepositus
1855 4486 1978 4570 excepit
1991 4485 2156 4553 ecclesiam
2169 4501 2286 4563 eorum,

740 4589 842 4659 dietas
863 4591 1001 4659 decimos
1023 4591 1239 4676 proscripsisse
1261 4591 1490 4676 prescripeione
1504 4590 1762 4674 qmdrcgeuaria,
1784 4595 1818 4656 et
1839 4609 1896 4673 per
1918 4589 2046 4656 idoneos
2068 4594 2165 4655 testes
2187 4608 2247 4673 rp=
2265 4613 2279 4644 o

740 4695 1001 4781 prescriptionem
1016 4694 1174 4779 probavit3
1195 4701 1229 4761 et
1250 4713 1307 4760 nes
1329 4695 1419 4762 iusto
1440 4695 1649 4762 atestecieues
1668 4694 1798 4762 testim
1821 4693 1951 4760 tulimus
1964 4712 2023 4778 pru
2041 4688 2255 4777 prodictooull

740 4798 793 4884 pio
814 4798 1019 4880 sentenciam,
1045 4798 1259 4866 adiudicantes
1283 4799 1330 4866 eis
1352 4797 1493 4881 prefatos
1521 4798 1667 4866 decimas.
1712 4797 1760 4865 De
1787 4797 2036 4865 commutacione
2064 4801 2170 4863 eutem
2191 4808 2286 4880 quom

741 4899 943 4987 predecessor
963 4901 1061 4985 ipsius
1089 4899 1268 4986 Steplrauus
1294 4900 1419 4980 lauerat,
1442 4908 1654 4969 convenerunt
1674 4901 1735 4983 ita,
1758 4901 1904 4968 videlicet
1928 4900 2012 4985 quod
2030 4899 2196 4984 episcopus
2219 4916 2240 4981 p
2264 4921 2267 4932 ·

740 5002 845 5071 didus
866 5001 982 5072 habeat
1000 5003 1106 5071 villum
1127 5003 1256 5071 0tluein
1278 5022 1348 5072 cum
1368 5004 1435 5071 suis
1453 5004 1634 5088 apendiciis,
1654 5004 1832 5088 prepositus
1847 5022 1919 5072 euno
1933 5002 2064 5087 collegio
2079 5001 2234 5068 molendiu
2276 5027 2279 5058 ι

741 5111 867 5174 tantm
885 5105 926 5174 de
947 5105 1131 5189 Quecissuu,
1153 5107 1275 5174 deeicnu
1295 5107 1335 5175 de
1357 5107 1464 5174 hoico
1483 5107 1524 5174 ad
1545 5108 1726 5193 episcopum
1748 5106 1901 5174 mooluta
1928 5104 1999 5173 Hoc
2020 5111 2127 5172 acturo
2149 5111 2236 5176 estc
2277 5131 2280 5162 ι

736 5225 896 5277 ‘consensu
916 5210 1148 5278 canonicorum:
1170 5210 1329 5278 vincentii
1344 5210 1464 5292 deeuui,
1479 5210 1567 5279 Petri
1581 5209 1802 5286 archidiaconi,
1817 5210 1983 5279 Michaelis
1997 5209 2148 5291 emendis,
2176 5205 2279 5293 ligidii

741 5311 899 5396 Mauricii,
918 5311 1083 5396 Grimoldi,
1104 5314 1206 5396 Pauli,
1229 5312 1378 5397 cunradi,
1400 5319 1435 5382 et
1455 5315 1678 5383 canonicorum
1700 5312 1979 5381 crusviciensium:
2002 5312 2144 5380 custodis
2158 5312 2252 5382 Vultu
2269 5310 2277 5324 '

744 5413 907 5500 Stephani,
929 5416 1062 5498 hiberti,
1084 5416 1224 5499 Martini,
1247 5418 1390 5500 magistri
1411 5417 1545 5500 alberti,
1569 5416 1702 5497 Nicolei,
1718 5415 1859 5497 Ilcudani
1873 5422 1908 5485 et
1921 5415 2056 5484 alionum
2070 5416 2219 5484 cononice

745 5517 910 5604 utriusque
932 5517 1069 5606 Capituli
1091 5538 1186 5605 quum
1208 5520 1424 5605 plurimorum.
1468 5523 1584 5588 Actum
1605 5521 1639 5588 iu
1661 5519 1843 5588 wlodislcv
1865 5536 1940 5588 seue
1959 5537 2043 5588 anuo
2064 5520 2219 5588 deminuo
2239 5517 2277 5585 lu
