4574 6240
451 700 628 786 dimicas
654 703 836 787 Κιιιοιιι
862 709 927 788 ιιι.
954 707 1031 787 dux
1058 705 1193 786 1236
1225 704 1333 787 biart
1360 708 1405 801 2,
1431 725 1460 786 s.
1487 705 1531 806 ις
1553 719 1683 790 roborm
1695 721 1898 792 samsonem

348 823 495 891 villarum
533 821 698 891 Zambrislc
731 824 782 909 (i)
816 831 849 891 et
887 826 1032 906 Laskow,
1073 844 1094 892 a
1127 825 1268 893 Iohanne
1300 823 1418 909 Magno
1454 824 1644 893 monasterio
1680 825 1722 892 de
1758 825 1898 895 Kolhacn

348 926 598 1108 hema[derupta.
644 1033 839 1096 Pomnerach
868 1033 1115 1111 Urlundeabuel,
1146 1033 1199 1095 Νι.
1224 1031 1300 1096 327.
1345 1033 1529 1096 Ηιιιιιιιιιιι
1547 1050 1577 1095 ιι
1596 1035 1797 1114 Koreparten,
1824 1032 1895 1097 cod.

351 1136 528 1200 Pomerunie
550 1135 730 1243 diptlomatic.
752 1137 806 1199 Νι.
831 1135 903 1199 238.
925 1134 956 1216 (z
978 1132 1086 1214 lcopiil.

449 1335 487 1403 in
510 1337 634 1403 nomine
654 1342 762 1405 sancte
783 1343 816 1405 et
834 1338 991 1406 individue
1011 1338 1177 1404 Trinitatis
1199 1355 1300 1403 amen.
1345 1336 1414 1419 Ego
1441 1337 1589 1405 llinricus
1610 1337 1671 1405 Dei
1692 1337 1796 1422 gratia
1816 1335 1899 1404 Kra-
1963 1332 1970 1348 ’

348 1440 444 1521 cuuis,
467 1437 566 1506 Siesie
587 1445 683 1523 atque
705 1439 833 1507 Polonie
854 1440 928 1520 dur,
947 1441 1101 1507 universis
1130 1438 1330 1524 presentibus
1350 1445 1385 1504 et
1406 1438 1521 1507 futuris
1547 1441 1683 1507 salutem
1708 1441 1743 1506 in
1769 1437 1898 1507 Christo

346 1541 451 1611 lhesu
494 1540 572 1607 Eius
593 1541 789 1610 ordinatione
809 1561 865 1626 per
887 1561 980 1627 quern
1002 1561 1091 1627 reges
1112 1548 1245 1625 regnant
1262 1548 1297 1609 et
1317 1540 1475 1630 principes
1489 1544 1575 1612 iusta
1588 1542 1764 1611 decernunt
1784 1544 1818 1611 in
1832 1550 1898 1612 sta·

348 1642 432 1712 tibus
453 1642 629 1726 constituti,
651 1643 685 1709 in
707 1644 766 1712 hoc
786 1646 925 1711 omnium
945 1643 1099 1712 bonorum
1130 1645 1272 1729 largitori
1300 1661 1359 1711 nos
1386 1646 1637 1727 recognoscimus
1663 1645 1832 1729 debitores,
1861 1653 1900 1715 ιιι

347 1747 452 1815 divine
472 1745 632 1830 religionis
650 1745 842 1831 professores
862 1748 991 1832 propria
1011 1747 1160 1816 libertate
1182 1755 1334 1832 monam
1352 1747 1458 1815 ulmus
1480 1749 1561 1816 vitas
1587 1747 1756 1817 debeamus
1774 1755 1899 1820 austeu-

349 1858 427 1934 tare,
447 1849 583 1918 aliorum
609 1868 734 1935 quoque
759 1851 842 1918 iuste
870 1853 1048 1920 donationis
1075 1853 1171 1939 titulo
1198 1852 1332 1920 oollatas
1358 1852 1544 1920 elemosinas
1570 1857 1683 1919 nostra
1709 1851 1900 1920 ιιιιιοιίιιιι

349 1953 543 2022 confirmare.
586 1951 671 2019 Hinc
691 1953 842 2038 estquod
863 1954 955 2021 villas
977 1951 1144 2020 Zambristr
1165 1960 1201 2020 et
1221 1952 1371 2037 taaoove,
1394 1972 1474 2039 quas
1498 1951 1634 2020 dilectus
1656 1957 1765 2020 noster
1785 1950 1901 2019 lohan-

348 2072 405 2122 nes
425 2053 561 2138 Magnus
582 2053 718 2123 contulit
731 2055 861 2124 ecclesie
882 2055 941 2122 Dei
962 2056 996 2122 in
1019 2053 1135 2122 Oolbas
1155 2073 1227 2122 curn
1247 2054 1393 2123 omnibus
1413 2055 1591 2122 attinentiis
1605 2059 1639 2122 et
1653 2054 1738 2122 omni
1751 2052 1901 2122 libertate
2047 2133 2049 2137 y

348 2175 442 2243 quarn
464 2157 532 2242 ipse
552 2154 716 2238 habuerat,
735 2173 792 2223 nos
814 2175 938 2242 quoque
959 2155 1061 2224 eidem
1082 2156 1213 2224 ecclesie
1235 2155 1465 2239 confirmamus,
1488 2162 1522 2222 et
1541 2162 1581 2224 ut
1598 2155 1658 2223 hec
1676 2155 1806 2223 donatio
1827 2160 1901 2223 rata

348 2259 401 2340 sit,
423 2277 495 2327 cum
518 2260 610 2342 agris,
632 2259 742 2343 pratis,
764 2260 866 2344 aqub,
894 2258 981 2325 sitris
1007 2266 1042 2327 et
1070 2259 1214 2327 omnibus
1236 2250 1380 2328 terminis
1409 2259 1541 2344 prefatis
1568 2259 1653 2326 villis
1679 2257 1900 2342 atunentrbua,
1976 2338 1980 2347 Ι

349 2359 444 2445 agitti
464 2360 566 2427 nostri
589 2362 781 2447 appensione
811 2369 845 2429 et
867 2361 996 2429 testium
1026 2361 1258 2446 subscriptione
1285 2362 1511 2447 astipulatione
1536 2362 1733 2430 roboramus.
1775 2362 1900 2430 Testes:

350 2461 529 2549 Stephanus
556 2462 716 2549 palatinus
744 2469 861 2543 noster,
896 2462 983 2530 Beuo
1009 2463 1201 2531 miellanus
1227 2462 1269 2531 de
1296 2462 1447 2545 Santocb,
1480 2461 1676 2532 Pribialavus
1704 2463 1744 2532 do
1767 2463 1900 2547 Liubns,

348 2565 557 2634 Theodericus
578 2566 722 2633 tribunus
743 2566 783 2632 de
801 2565 949 2648 Santach,
971 2535 1085 2634 datus
1098 2585 1170 2635 cum
1190 2566 1299 2634 Pribni
1312 2565 1413 2634 heire
1426 2585 1495 2648 suo,
1516 2565 1707 2634 'lbesrluvus
1720 2567 1902 2651 prepositus

350 2667 390 2736 de
410 2665 560 2750 Santoch,
580 2667 822 2737 Bartholomeus
845 2668 1030 2737 molestiam
1043 2667 1084 2736 de
1097 2666 1227 2737 Linbus
1256 2667 1377 2737 Datum
1391 2686 1474 2737 anno
1492 2667 1620 2738 Domini
1641 2667 1686 2736 Μ.
1688 2666 1901 2752 ccxxxvi,

349 2775 439 2838 auto
460 2768 569 2839 Nonas
588 2770 713 2840 Marcii

451 2973 918 3068 meduanensem.
963 2977 1113 3055 mara
1141 2979 1398 3044 maa-‚naam
1434 2974 1901 3106 mnmraomsmtou,
2014 2933 2016 2936 ’

351 3081 477 3146 Saros
522 3062 1154 3162 nummismazntaataatalatre.

1020 3377 1095 3466 Nr.
1129 3370 1227 3466 187.
1308 3368 1312 3375 ’

453 3570 650 3685 Gregorius
676 3572 985 3677 Pp.1X1286
1020 3573 1109 3659 Jtm.
1136 3573 1457 3677 17,1ntaramni;
1483 3590 1614 3660 mandat
1634 3588 1808 3657 Gnillelmo
1834 3588 1903 3674 epi-

351 3709 446 3779 seopo
467 3692 626 3780 quondam
645 3692 828 3776 Mutinensi,
850 3694 1043 3779 apostolicae
1063 3694 1154 3762 Sedis
1175 3694 1292 3779 legato,
1313 3700 1351 3762 ιιι
1372 3693 1514 3764 homines
1535 3692 1738 3763 welesiarum
1752 3689 1904 3760 Potoniae

353 3798 464 3864 eontra
483 3795 666 3864 vexationes
687 3796 864 3882 principum
881 3813 990 3865 aarum
1011 3797 1175 3881 regionum
1196 3801 1352 3881 protegat
1558 3840 1561 3847 -
1970 3808 1973 3813 ’

459 3900 594 3978 meaa,
617 3902 812 3966 uramara
832 3903 932 3965 histor.
961 3903 1104 3965 Poioaiae
1127 3901 1157 3981 1,
1178 3900 1231 3965 64.

454 4101 626 4188 Gregorius
647 4106 813 4189 episeopus
834 4111 931 4186 (eta),
952 4102 1124 4172 venerabili
1145 4103 1279 4171 fratri..
1305 4105 1453 4189 episeopo
1478 4102 1636 4189 quondam
1656 4101 1832 4172 Mutinensi
1850 4121 1906 4188 po·

352 4205 536 4273 nitentiario
561 4213 670 4274 nostro
693 4209 865 4292 apostolice
888 4208 978 4276 Sedis
1003 4208 1107 4291 legato
1133 4207 1269 4275 salutm
1298 4213 1396 4286 (ιιι).
1441 4207 1623 4292 Principum
1649 4211 1831 4273 etamorum
1850 4224 1906 4290 ag·

351 4307 475 4391 magari
499 4307 629 4392 collegio
661 4308 770 4378 dilecti
802 4309 859 4377 filii
888 4310 1016 4379 Potonie
1043 4310 1200 4394 principes
1227 4311 1312 4377 sient
1336 4310 1514 4393 accepimus
1541 4327 1604 4376 non
1625 4313 1806 4392 procurant,
1828 4306 1906 4374 dum

352 4427 447 4494 prave
467 4412 702 4480 consuetudinis
723 4413 955 4483 observantiam
976 4433 997 4481 a
1015 4414 1116 4496 longis
1135 4420 1221 4480 retro
1244 4410 1438 4497 temporibus
1458 4411 1500 4478 ad
1531 4411 1693 4495 presentia
1719 4408 1906 4493 protrahen-

352 4515 412 4595 ιιι,
434 4512 576 4581 homines
598 4514 826 4583 cathedralium
844 4524 878 4585 et
899 4517 1033 4584 aliarum
1054 4514 1257 4583 ecetesiamm
1278 4514 1408 4583 Polonie
1429 4514 1485 4597 qui
1504 4519 1606 4581 tetrus
1620 4512 1767 4610 encolunt
1781 4529 1906 4578 aarum·

354 4615 437 4698 dem,
455 4616 602 4700 angariis,
622 4619 817 4703 perangariis
838 4625 871 4686 et
891 4618 1097 4703 vectigalibus
1111 4617 1250 4701 graviter
1263 4622 1375 4685 eontra
1395 4615 1551 4684 iustitiam
1571 4614 1735 4700 iatigando
1756 4612 1908 4682 iacientes

353 4735 410 4801 per
427 4718 514 4804 ipsos
535 4721 705 4787 transitum
727 4722 777 4790 vel
798 4740 984 4806 regressum
1005 4740 1063 4789 nec
1085 4739 1149 4787 non
1175 4738 1249 4787 suos
1275 4728 1442 4789 venatores
1471 4720 1610 4805 recipere
1636 4737 1676 4788 ac
1700 4719 1734 4785 in
1761 4717 1907 4786 omnibus

251 4901 252 4904 Ἴ
353 4837 523 4905 procurare
544 4825 745 4908 compellunt
777 4823 859 4904 Quid
880 4824 986 4892 nitra?
1006 4825 1084 4891 theti
1106 4823 1247 4891 homines
1268 4823 1302 4890 in
1320 4821 1570 4907 expetitionibna
1584 4821 1761 4906 principum
1782 4839 1907 4889 eorum·

353 4920 424 4990 dern
446 4925 548 4992 coacti
569 4926 706 5010 propriis
727 4928 865 4994 militare
887 4926 1052 5012 stipendiis
1073 4932 1108 4992 et
1128 4925 1354 4994 munitionibus
1382 4926 1547 4994 intendere
1573 4923 1800 5005 construendis,
1826 4924 1907 4992 alias

355 5043 412 5109 par
432 5026 519 5110 ipsos
541 5033 608 5096 tum
629 5030 801 5096 enormiter
827 5035 1065 5114 prograuantur,
1093 5029 1178 5111 quod
1207 5046 1265 5095 nee
1289 5028 1356 5096 suis
1380 5035 1514 5113 possunt
1540 5046 1653 5097 vacare
1678 5025 1823 5110 negotiis,
1849 5044 1908 5095 nee

355 5126 486 5212 pretatis
507 5137 545 5196 ut
567 5137 717 5197 tenentur
737 5131 877 5211 ecclesiis
901 5132 1068 5199 deservire.
1113 5131 1178 5214 Ipsi
1207 5132 1303 5198 etiam
1327 5150 1348 5197 a
1368 5129 1463 5197 dictis
1492 5130 1685 5214 principibus
1708 5135 1741 5194 ct
1767 5129 1907 5212 ipsorum

356 5227 551 5315 officialibus,
574 5232 789 5309 indifferenter
810 5235 901 5319 quasi
923 5253 1032 5303 eorum
1058 5235 1124 5301 sint
1152 5233 1272 5318 proprii
1296 5233 1487 5314 iudicantur,
1512 5238 1547 5300 et
1572 5231 1744 5299 iudicatum
1772 5230 1909 5314 engttm

1716 5349 1750 5406 il
