4574 6240
776 387 846 461 los

770 586 961 655 Tbeutonieo
986 585 1051 653 sint
1081 585 1192 653 alieno.
1236 583 1320 651 sslud
1351 583 1435 649 enirn
1466 586 1628 665 presentes
1654 599 1762 647 omnus
1790 584 1824 645 et
1852 577 1976 645 futuros
2002 577 2083 645 seire
2113 577 2197 659 volo,
2229 600 2282 668 q.

770 708 895 759 mansos
916 706 995 773 quos
1016 689 1160 756 donrmrs
1178 686 1345 754 Heinrieus
1368 684 1432 750 dux
1454 683 1556 750 Ziesie
1578 683 1713 751 eontulit
1739 682 1846 750 domm
1873 680 2010 749 Lubensi
2040 681 2124 747 eirea
2149 680 2253 751 laubos

770 793 856 860 iocus
877 810 973 876 super
993 791 1129 859 Odoranr
1157 789 1197 857 od
1224 787 1466 856 construendum
1492 787 1625 866 eunom,
1647 784 1693 851 eis
1720 791 1872 869 perpetuo
1899 782 2049 852 continno
2070 789 2172 850 rutero
2197 784 2276 857 habe

770 895 903 981 predicti
924 895 1012 962 ducis
1034 894 1244 963 collationem.
1278 886 1927 974 nrmogracioni.ccffl,v1rionas
1946 886 2102 967 Octobris,
2117 886 2211 972 subp
2277 926 2287 953 ι

771 999 818 1066 tia
836 998 1067 1078 monachorum,
1093 995 1182 1063 Petri
1211 993 1356 1060 videlieet
1387 993 1427 1059 de
1453 991 1586 1073 Sicirem,
1609 990 1714 1074 Epidii
1736 997 1769 1056 et
1790 989 1963 1057 Alexandri
1984 989 2024 1057 do
2044 989 2159 1072 bubos,
2184 991 2287 1062 ΛιιιοΙ

771 1101 924 1186 capellani
946 1101 1058 1181 nostri,
1078 1105 1112 1167 et
1133 1095 1272 1165 Cunradi
1296 1094 1408 1162 militis
1433 1101 1466 1163 et
1493 1094 1664 1162 Alexandri
1693 1092 1813 1160 militis.
1856 1092 1925 1160 Her
1950 1098 2058 1161 autem
2084 1099 2156 1161 acta
2183 1102 2257 1164 sunt

772 1210 877 1272 castro
898 1202 1012 1271 Nnkel.

872 1406 986 1490 Nakel,
1009 1409 1118 1473 Natio.
1141 1404 1278 1484 Conawi,
1303 1409 1441 1470 menone
1472 1401 1698 1478 Brucborniza,
1721 1406 1830 1468 Proeb
1858 1401 2011 1485 Thanino,
2038 1405 2141 1468 Ponto.
2167 1400 2275 1472 Carne

675 1535 678 1541 ·
771 1511 905 1577 Karnied.
928 1511 1056 1592 Zlnvno,
1080 1513 1280 1574 Siamianoroo
1300 1511 1349 1572 bob
1371 1508 1417 1573 te'i
1442 1511 1566 1572 Simone
1586 1525 1630 1570 na
1651 1510 1807 1571 Pomorzre
1830 1505 1944 1588 Lnbss,
1966 1509 2091 1593 Labiqi,
2113 1527 2132 1568 z
2153 1511 2185 1570 ni
2211 1536 2222 1550 ν
2282 1519 2287 1551 t

774 1617 897 1681 ambae
927 1613 1010 1681 Filia
1028 1613 1211 1681 monasterii
1233 1612 1273 1678 de
1293 1611 1406 1688 uuus,
1425 1622 1583 1676 monaster.
1606 1598 1808 1676 ΙΙειιιιιόΙιιιιι.1
1833 1609 1996 1678 Petachnc
2022 1611 2121 1692 loeus,
2146 1614 2263 1688 J'ezioro

771 1739 809 1785 ιιι.
832 1718 954 1794 Ziotdrr,
977 1728 1010 1782 tu
1030 1736 1175 1782 nomme
1197 1721 1238 1780 oei
1257 1721 1310 1779 rori
1329 1714 1450 1793 zoen&
1468 1714 1665 1778 dederisne
1687 1718 1822 1779 Petziere
1838 1712 2048 1781 Bruchornici
2069 1711 2127 1778 riv.
2141 1722 2195 1779 atr.

770 1825 851 1902 nica
869 1830 902 1884 tu
923 1839 1071 1900 ammana
1091 1821 1133 1883 od
1151 1823 1204 1882 rori
1226 1821 1335 1884 Ibocb.
1357 1815 1506 1883 Belem
1527 1816 1608 1898 loca,
1629 1822 1679 1881 orie
1704 1820 1903 1896 odpadnionc.
1925 1815 2028 1884 Lam
2056 1813 2175 1896 Sicore,¹
2222 1851 2240 1868 a
2266 1848 2272 1871 ι

770 1929 820 1989 nic
837 1926 1023 2003 odpadroona
1040 1944 1068 1985 or
1089 1923 1226 1987 biiskoioi
1246 1941 1283 1985 ne
1308 1923 1443 1985 Ztotowa
1465 1922 1514 1985 lab
1536 1921 1709 2000 lobiersiep.
1731 1917 1848 2002 Odore,
1876 1921 1960 1986 odra
1980 1940 2027 1986 η.
2050 1916 2185 1999 Sichem,
2233 1950 2283 1971 w

769 2029 822 2090 sko
835 2028 989 2090 tomzronr
1015 2024 1177 2106 θνιιενιόιι
1196 2047 1223 2088 ιν
1246 2025 1469 2089 Sittieberrbeclr
1496 2043 1532 2103 p.
1559 2025 1704 2088 Eisleberu
1741 2023 1856 2088 eonor
1877 2024 1978 2110 objftp
2000 2026 2193 2104 miranti
2220 2056 2225 2075 ι
2256 2052 2273 2075 1·

771 2133 849 2195 eant
869 2132 935 2211 teta
950 2133 1110 2217 proterite
1132 2121 1228 2194 mart.
1252 2130 1375 2204 Ztoton,
1401 2129 1561 2216 >Wifcborlc
1580 2132 1593 2192 i
1613 2126 1792 2193 lobicnica

1445 2402 1652 2512 nerra

875 2624 1109 2710 Wledislaua
1142 2624 1220 2708 dux
1253 2623 1404 2708 Polonia
1440 2625 1625 2728 quondam
1658 2622 1840 2706 flasconis
1875 2620 2006 2725 dagni
2039 2619 2145 2704 filins
2184 2625 2280 2703 122

772 2766 803 2830 a
828 2745 920 2829 dot
936 2745 979 2849 ις
999 2761 1166 2831 orfimas
1185 2762 1388 2830 donationem
1408 2762 1607 2848 quamam
1631 2761 1781 2831 mamm
1809 2759 1926 2828 nomm
1950 2759 2118 2846 nepsam
2139 2759 2173 2827 in

773 2883 795 2935 a
814 2869 907 2952 patre
927 2884 984 2934 sao
1005 2865 1163 2950 quondmn
1184 2865 1381 2949 sollemnem,
1403 2872 1437 2934 et
1458 2866 1600 2934 homines
1620 2883 1729 2933 earum
1751 2862 1895 2950 pluribus
1914 2863 2119 2931 libertatibus
2138 2865 2250 2932 munit

875 2973 990 3050 Prepa
1011 2973 1129 3035 Arcem
1153 2973 1314 3035 Prioratas
1334 2973 1457 3035 Ordine
1469 2975 1602 3050 aerim
1617 2972 1828 3036 nasonem.
1849 2969 1966 3049 (Kopia
1985 2989 2014 3033 ιν
2027 2974 2163 3050 tarpeio
2175 2987 2219 3050 pa
2229 3002 2270 3022 m

773 3092 848 3156 uero
868 3074 921 3141 bez
938 3076 1075 3154 podaea
1094 3071 1224 3149 ινόιιας
1241 3078 1339 3155 pisso
1358 3075 1487 3139 nrm
1503 3072 1621 3158 meaa)

874 3260 914 3330 In
934 3260 1060 3329 nornine
1080 3266 1191 3330 sancte
1212 3259 1378 3330 Tmmtafis
1398 3267 1433 3329 et
1449 3260 1611 3329 individua
1637 3259 1791 3336 Unitatis
1823 3277 1926 3328 amem
1969 3258 2018 3328 Ut
2045 3279 2086 3328 ea
2114 3277 2174 3344 que
2201 3279 2276 3328 no·

772 3371 911 3450 aguntum
930 3363 1124 3449 temporibus
1146 3371 1343 3449 posterorum
1363 3365 1480 3432 noticia
1503 3367 1734 3450 presententur,
1756 3362 2013 3448 predecessorum
2026 3370 2205 3432 noamorum
2224 3382 2278 3431 rea

774 3468 835 3554 giis
860 3467 1040 3535 inherentes
1065 3485 1147 3534 rem·
1160 3474 1337 3552 presentem
1364 3468 1516 3535 memoria
1546 3466 1674 3551 dignam
1707 3464 1851 3550 apicibus
1884 3466 2081 3549 denotamus,
2108 3471 2142 3535 ct
2168 3469 2214 3535 sie
2235 3466 2287 3534 li:

771 3571 930 3656 ambigua,
952 3576 986 3639 et
1005 3589 1068 3655 que
1087 3577 1218 3656 possent
1238 3589 1278 3638 ex
1305 3569 1415 3638 litibus
1443 3571 1521 3639 oriri
1547 3570 1699 3663 seandala
1727 3569 1932 3652 suffocamus3
1961 3570 2071 3638 multis
2097 3570 2179 3637 enim
2204 3588 2286 3637 mon

771 3673 873 3742 modis
893 3673 1065 3759 pandentes
1085 3674 1289 3755 oceumimus,
1311 3692 1383 3742 cum
1403 3673 1501 3741 etatis
1522 3678 1631 3740 nostre
1649 3673 1780 3758 negocia
1798 3671 1979 3741 litterarum
1998 3673 2148 3740 memorie
2162 3691 2281 3741 eornm

772 3775 893 3846 damus.
916 3775 1089 3861 Quodquod
1110 3794 1131 3843 a
1152 3777 1270 3844 nostris
1291 3775 1449 3861 prioribus
1470 3777 1654 3844 institutum
1674 3775 1839 3858 asseritur,
1860 3775 1904 3844 ad
1923 3781 2065 3845 nostram
2086 3776 2236 3844 noticiam
2256 3795 2287 3843 ιιι

770 3880 918 3961 venisset,
949 3879 979 3945 si
1008 3878 1164 3946 celassent
1188 3878 1277 3947 illem
1301 3879 1453 3964 obsequia
1477 3879 1655 3960 literarum
1688 3878 1893 3964 approbanda
1919 3885 1971 3947 ost
1995 3879 2093 3965 igitur
2120 3881 2278 3963 antiquo=

623 4016 630 4032 ·
776 3981 1002 4066 amanspeota
1023 3980 1184 4063 sedulitas,
1207 3982 1263 4066 qui
1284 3986 1395 4050 eonma
1420 3981 1599 4050 novercales
1625 3982 1757 4050 insidias
1782 4000 1833 4048 res
1862 3987 1969 4068 gestas
2000 3982 2102 4049 literis
2124 3981 2226 4049 deno=
2261 4009 2286 4037 ··

771 4088 810 4151 ut
830 4100 884 4151 ees
904 4082 1084 4168 aspectibus
1107 4090 1305 4166 posterorum
1326 4091 1555 4170 presentarent
1599 4086 1650 4152 nd
1671 4086 1783 4152 borum
1806 4087 1916 4170 itaque
1936 4085 2147 4154 imitacionem
2161 4104 2218 4169 ego
2245 4092 2264 4115 ‘⁸

772 4184 890 4253 dminus
911 4185 975 4252 dan
995 4185 1124 4253 Paionie
1145 4188 1303 4270 quondam
1322 4188 1479 4256 Meseonis
1501 4188 1609 4272 Magni
1641 4187 1741 4271 filius,
1771 4189 1975 4257 donacionem
2006 4207 2103 4274 quam
2135 4189 2185 4272 pie
2241 4214 2253 4243 ι
2276 4216 2282 4243 ·

772 4288 911 4358 dacionis
940 4288 1008 4374 ipse
1037 4289 1100 4356 ianr
1125 4288 1230 4357 dictus
1258 4297 1350 4376 pater
1370 4308 1459 4358 mens
1484 4290 1525 4358 ob
1545 4291 1760 4359 remissionem
1788 4298 1988 4378 peecatorum
2016 4309 2145 4358 suorum
2174 4291 2208 4356 in
2235 4289 2287 4356 roo

773 4391 927 4474 Zuchiles,
949 4390 1070 4459 Oberer
1090 4398 1123 4460 et
1145 4392 1278 4478 Lipnica
1298 4413 1370 4461 eum
1389 4395 1588 4478 ascriptitiis,
1609 4393 1727 4461 Drosin
1748 4412 1820 4463 cum
1840 4393 1909 4462 iero
1927 4400 1961 4461 et
1974 4392 2140 4475 thaberna,
2162 4391 2282 4460 Czeres‘

772 4494 949 4578 Milesiaro,
972 4494 1155 4580 Wigonovo,
1177 4498 1353 4574 Andreovo,
1375 4498 1416 4564 ad
1434 4498 1570 4566 Dommn
1591 4499 1759 4583 hospitalis
1777 4501 1810 4565 in
1831 4499 1959 4566 Poznau
1980 4498 2126 4578 eontulit,
2148 4507 2185 4564 ut
2205 4496 2248 4564 ibi

728 4588 731 4595 ’
755 4598 878 4666 ¹vinmn
899 4597 1036 4666 odicium
1058 4597 1233 4666 celebretur
1254 4605 1288 4667 et
1309 4602 1481 4685 peregrinis
1499 4608 1596 4686 atque
1610 4602 1801 4687 pauperibus
1816 4602 1987 4670 seeundum
2008 4600 2192 4671 imulmrom
2207 4601 2281 4668 dom

772 4700 985 4782 subveniatur,
1008 4702 1035 4767 si
1057 4699 1134 4785 qnid
1155 4720 1230 4768 vero
1252 4701 1442 4787 superfluum
1465 4702 1570 4786 fucrit,
1597 4704 1638 4772 ad
1663 4705 1836 4773 subsidium
1865 4705 1961 4773 Terre
1980 4712 2091 4774 sancto
2111 4704 2224 4771 Domni
2257 4701 2285 4730 ¹

770 4803 984 4872 rosolimitane
995 4803 1239 4886 transmittetur,
1253 4840 1298 4855 -
1308 4806 1436 4889 cupiens
1446 4808 1545 4875 eciam
1556 4824 1624 4876 esse
1635 4808 1902 4894 eleemosynarum
1912 4810 2079 4894 particeps,
2094 4809 2221 4891 digrrurn
2236 4807 2258 4873 d
2286 4855 2287 4862 ι

775 4907 1032 4976 eoniirnrorudanr:
1063 4906 1103 4974 ab
1124 4908 1210 4974 omni
1232 4909 1384 4976 seruitute
1405 4928 1502 4994 poros
1523 4911 1573 4978 vel
1599 4911 1715 4996 prevod
1744 4920 1777 4980 et
1806 4918 1910 4978 strozo
1938 4911 2080 4979 hemines
2110 4912 2240 4996 pudic*

773 5010 919 5079 villarum
941 5012 1095 5077 immunes
1116 5011 1320 5092 constituens,
1341 5017 1375 5078 et
1396 5012 1480 5097 quod
1501 5032 1564 5080 nen
1586 5015 1725 5082 eitenmr
1745 5015 1806 5080 nisi
1821 5033 1892 5082 meo
1906 5014 2029 5098 sigillo,
2052 5021 2086 5083 et
2105 5014 2188 5099 quod
2202 5033 2256 5082 an
2286 5022 2287 5065 ι

775 5114 1016 5181 castellanorum
1038 5113 1225 5196 iudicentur,
1248 5119 1440 5182 sternentes
1463 5116 1688 5184 attendentes
1709 5136 1770 5200 que
1791 5117 1833 5184 ad
1855 5117 2032 5185 nceoesaria
2057 5117 2227 5184 riomrstioe
2248 5133 2286 5180 cn

775 5218 934 5301 pertinent
956 5218 1055 5302 ipsius
1076 5217 1198 5298 domus,
1232 5217 1273 5284 ab
1301 5220 1465 5285 arbedone
1491 5219 1637 5304 theloncy
1664 5226 1698 5287 et
1723 5220 1891 5288 cuiuslibet
1917 5220 2049 5288 adierim
2069 5221 2237 5287 solucionis
2257 5217 2283 5281 si

775 5317 875 5388 liberi.
902 5321 946 5389 Et
967 5323 1098 5409 nequis
1120 5321 1179 5390 boc
1201 5321 1319 5391 iactum
1341 5322 1375 5388 in
1395 5328 1558 5411 posterum
1579 5324 1686 5394 valeat
1703 5324 1883 5408 immutare,
1905 5325 2061 5410 pressantis
2082 5325 2195 5409 scripti
2217 5342 2259 5409 pa
