4574 6240
1871 289 1943 364 135

398 495 572 595 ceterique
593 512 688 578 quom
711 493 863 578 pluribus.
909 448 990 563 Actu
1011 499 1086 560 sunt
1107 491 1166 560 hee
1187 491 1372 560 soeuodndo
1391 493 1425 558 in
1447 497 1551 560 cestro
1572 492 1732 560 nostruin
1753 490 1844 560 Rullo
1864 509 1948 561 enno

397 598 502 688 grecie
522 597 647 666 Domini
668 595 925 680 olcoxxxnl,
947 595 1130 664 duodecimo
1152 594 1312 664 Kalendas
1334 595 1479 679 Augusti.

502 801 636 886 Lubens,
660 807 782 891 lubiqt,
805 825 822 867 z
844 811 930 869 mem.
950 805 1077 870 Leuius.
1116 801 1230 885 Nukel,
1253 758 1361 868 noceo
1397 800 1538 882 Cunnwi,
1558 804 1697 866 Kunoroo.
1719 799 1945 884 Brucbuunizn,

398 905 540 993 annuisti
567 909 731 989 dimico,
752 918 786 970 tu
804 927 951 988 rmzmarry
972 910 1012 970 od
1032 911 1085 968 wei
1104 907 1213 969 Procb.
1236 902 1389 986 Thuniuo,
1416 909 1519 972 Τοιιίιι.
1544 902 1694 981 cumcun,
1716 904 1852 971 nomed
1874 903 1946 972 zla-

398 1029 470 1092 vno,
490 1012 698 1093 Stammomo,
717 1011 767 1074 ltcb
789 1029 827 1076 ιιι.
851 1012 975 1077 Stolone
996 1029 1038 1076 nu
1062 1013 1218 1076 Pomorzu.
1241 1007 1336 1091 Uoco,
1364 1011 1473 1088 lljdcie.
1496 1008 1617 1092 Lucnu,
1639 1011 1751 1077 belno.
2000 1017 2003 1023 '

1069 1307 1144 1394 Nr.
1179 1302 1276 1391 153.

501 1501 731 1586 lllndtslnun
765 1505 843 1586 dun
867 1504 1014 1587 Polonie
1053 1505 1159 1588 ducis
1195 1503 1329 1607 qnond
1363 1501 1498 1587 ildonis
1524 1504 1629 1589 filius
1667 1526 1697 1588 n
1723 1526 1757 1589 e
1784 1504 1819 1588 d
1844 1506 1881 1590 et
1906 1504 1949 1608 lp

400 1623 542 1696 concedit
562 1625 691 1706 colonis,
714 1624 874 1693 desertum
895 1626 992 1694 situm
1015 1626 1106 1694 iuxtn
1126 1623 1248 1708 Nullo,
1269 1642 1371 1709 nuper
1405 1642 1463 1709 per
1494 1642 1529 1692 ue
1557 1627 1749 1695 monasterio
1770 1624 1810 1695 de
1829 1624 1963 1713 Lubiqt-

398 1727 547 1799 onlbtnnn
568 1726 829 1811 inhabitantibus,
851 1729 901 1795 ius
922 1727 1159 1797 Tbeutonieum.

509 1833 666 1901 onom.
691 1835 808 1915 nempe
831 1835 937 1900 suae
959 1837 1076 1900 neno.
1100 1834 1226 1914 nmen,
1260 1834 1512 1914 nemaeum
1532 1836 1571 1899 n.
1591 1832 1664 1898 ιιι.
1686 1833 1776 1900 coer
1796 1838 1947 1916 mque,

396 1941 452 2019 soe
473 1937 540 2002 ιιι.
563 1936 715 2005 nonen.
744 1937 952 2019 ommes,
969 1958 1004 2018 ρ.
1025 1940 1055 2003 c.

500 2140 569 2211 Nos
581 2140 642 2212 Dei
650 2143 759 2230 mdc
771 2141 822 2209 W.
834 2141 898 2210 dur
911 2141 1041 2211 Polonic
1054 2141 1144 2210 ducis
1158 2142 1317 2226 quondnur
1331 2141 1450 2211 0donis
1464 2141 1564 2211 felicis
1577 2143 1728 2211 memorie
1740 2140 1826 2211 tilius
1838 2149 1949 2212 notum

399 2243 531 2315 nunus
550 2244 695 2314 omnbus
714 2244 797 2315 hunc
817 2246 965 2332 peginam
983 2245 1186 2330 inspecturis,
1218 2243 1261 2312 ub
1282 2245 1455 2314 remedium
1478 2244 1584 2313 enine
1604 2251 1714 2314 nostre
1733 2250 1768 2315 et
1789 2247 1950 2332 predeces-

399 2367 505 2418 sorum
526 2352 706 2417 nostrorum
726 2347 796 2417 Deo
809 2355 843 2416 et
856 2348 947 2417 bente
961 2347 1063 2416 Murio
1083 2347 1199 2432 virgini
1219 2349 1254 2414 in
1274 2346 1402 2416 Lubens
1424 2346 1696 2418 Wrntiulcuiensis
1717 2348 1861 2433 doceris,
1884 2348 1946 2436 cy·

399 2452 578 2522 stereiensis
598 2451 737 2535 Ordinis,
759 2451 918 2521 desertum
940 2450 1097 2536 quoddam
1118 2450 1209 2520 iustu
1230 2450 1335 2519 Nnkel
1355 2468 1415 2518 noe
1426 2450 1551 2520 dedisse
1564 2451 1742 2521 locandum.
1762 2451 1854 2536 Sene,
1874 2452 1950 2538 quin

399 2555 542 2624 nouimus
563 2553 646 2640 quod
667 2554 736 2640 lege
757 2554 904 2624 clementi
922 2553 1065 2622 bornines
1087 2553 1257 2639 plurimum
1278 2552 1484 2636 delectentur,
1504 2571 1639 2622 necnon
1661 2562 1695 2623 et
1714 2555 1799 2640 leges
1819 2560 1950 2640 peteme

399 2658 521 2729 ovidius
542 2663 736 2744 appetuntur
756 2664 791 2727 et
811 2657 934 2726 duldus
954 2656 1170 2745 possidentur,
1208 2656 1327 2725 colonio
1347 2656 1426 2725 dieti
1447 2656 1565 2737 deserti
1597 2656 1681 2741 qnod
1702 2655 1824 2742 pretate
1843 2657 1950 2726 domni

400 2761 598 2843 oontnlirnus,
621 2778 714 2829 omne
734 2760 785 2829 ius
795 2761 1024 2829 Tbeutouicnm
1043 2759 1241 2844 indulgemus
1261 2757 1303 2826 nb
1323 2758 1410 2827 omni
1431 2777 1485 2827 eos
1505 2759 1575 2826 iure
1588 2757 1736 2827 Polonioo
1749 2758 1950 2843 exbimendu,

399 2869 438 2933 ut
456 2865 533 2934 viris
551 2863 705 2949 religiosis
737 2863 849 2934 dumus
881 2865 987 2949 sepius
1019 2864 1180 2933 nominate
1210 2860 1253 2929 nb
1274 2862 1354 2947 ipsis
1386 2861 1510 2930 tructus
1531 2860 1647 2946 uliquis
1672 2878 1711 2929 eo
1729 2861 1826 2930 cicius
1845 2861 1951 2930 vdent
2056 2851 2058 2856 ’

400 2965 573 3055 provenire
606 2965 678 3036 Hoc
698 2967 801 3036 solum
822 2966 1012 3050 excipimus,
1030 2972 1069 3033 ut
1089 2965 1118 3032 si
1139 2963 1292 3033 Polonum
1311 2962 1524 3032 Tbeutonicus
1543 2981 1603 3050 pro
1624 2982 1722 3032 muse
1741 2965 1951 3050 qualicunque

399 3067 496 3136 brerlt
515 3069 673 3153 elocutus,
710 3075 744 3137 et
777 3087 884 3138 eornm
916 3067 1043 3135 nbbctin
1071 3066 1230 3135 Lubensin
1250 3064 1420 3134 concordes
1440 3065 1549 3152 peruri
1569 3067 1769 3164 nequiuerint
1788 3067 1950 3144 nuceo,

399 3171 434 3238 in
454 3175 563 3239 nostre
583 3170 681 3238 cobus
702 3172 879 3253 undiends,
913 3173 947 3238 in
976 3175 1080 3238 cesuo
1102 3175 1208 3237 buren
1229 3169 1459 3255 propinquiori,
1493 3169 1687 3238 Tbeutonieo
1712 3189 1777 3257 qno
1798 3171 1952 3257 inpetitur

400 3271 537 3341 Polonns
557 3273 638 3341 scint
658 3291 694 3342 se
714 3274 784 3342 iure
804 3273 952 3342 Polonioo
971 3272 1159 3358 respondere
1181 3272 1304 3340 debere.
1323 3270 1352 3338 11
1371 3290 1536 3356 conuerso,
1562 3275 1590 3341 si
1611 3273 1839 3343 Tbentordcnrn
1858 3274 1950 3343 Polo·

400 3392 461 3443 nus
481 3375 669 3460 impecierit,
702 3375 914 3443 'l'bentonieus
935 3377 1004 3444 iure
1025 3375 1219 3444 Tbeutonico
1240 3374 1448 3460 respondebit
1491 3376 1536 3443 Et
1556 3384 1595 3445 ut
1614 3377 1673 3446 hec
1690 3383 1803 3446 nostre
1821 3379 1950 3447 domno
2009 3408 2016 3416 ·

399 3477 557 3547 libat-stis
577 3477 702 3547 stabilis
724 3485 903 3563 perseveret
935 3498 997 3564 que
1025 3481 1059 3547 in
1080 3479 1242 3563 privilegio
1263 3478 1342 3546 dieti
1361 3478 1487 3547 cbbntin
1507 3479 1632 3564 plenius
1652 3482 1845 3564 continetur,
1880 3499 1951 3566 pre·

493 3581 645 3667 scripturn
665 3581 760 3667 sigilli
778 3584 880 3650 nostri
897 3583 1073 3651 munimine
1091 3583 1269 3650 cumvirnus
1289 3580 1447 3651 rubornre
1571 3612 1578 3624 ·

502 3784 638 3869 nome
658 3789 783 3875 ιιιιᾳι,
804 3809 824 3854 2
844 3791 1010 3856 muca
1031 3789 1156 3856 mous.
1179 3785 1293 3870 unq
1315 3790 1426 3852 narro.

1079 4085 1153 4171 Nr.
1188 4083 1285 4171 154„

503 4280 758 4364 Wolodeuluun
786 4281 863 4364 dux
889 4281 1109 4366 Polonornn
1135 4304 1164 4366 s
1190 4303 1223 4365 o
1251 4281 1286 4365 d
1312 4283 1350 4365 ei
1376 4280 1418 4383 1.;
1455 4298 1585 4384 praedio
1598 4299 1720 4369 neser
1741 4305 1775 4369 et
1792 4299 1951 4387 uooopol

400 4402 588 4470 monasterio
607 4400 648 4468 de
667 4399 805 4469 Kulbuez
826 4401 957 4469 confort
1695 4496 1700 4505 ι

402 4508 891 4692 Μῶῗιηῇἰιωιῖηωοιω
918 4507 1167 4586 procurando,
1188 4507 1241 4569 ro.
1264 4505 1337 4570 ιιι.
1360 4505 1461 4588 (narr
1482 4509 1538 4572 rer
1564 4507 1721 4574 corneo
1748 4510 1889 4589 onom
1905 4542 1951 4559 .-

502 4810 571 4897 qu
593 4812 814 4881 Wolodenlcus
846 4812 906 4882 Dei
926 4815 1031 4897 pretio
1051 4813 1116 4880 dux
1135 4813 1341 4897 Polonorum,
1376 4815 1531 4882 universis
1560 4833 1689 4902 presens
1711 4818 1862 4900 scripturn
1883 4827 1960 4885 oet*

399 4915 547 4985 uentibus
568 4916 702 4984 salutern
723 4918 758 4984 in
777 4918 825 4984 Eo
846 4917 902 5002 qui
924 4917 1027 4985 edunt
1047 4923 1211 5001 spernntes
1233 4917 1267 4984 in
1288 4934 1332 4984 se.
1355 4916 1475 4986 Notum
1497 4936 1567 4987 esse
1588 4918 1732 4986 volumus
1752 4919 1951 4987 universitati

399 5024 517 5102 resne,
552 5019 637 5103 quod
667 5019 709 5088 ob
736 5039 875 5089 umorem
897 5019 956 5087 Dei
977 5025 1010 5087 ot
1030 5019 1210 5088 bendsime
1231 5020 1342 5086 neutris
1364 5021 1432 5088 eius
1453 5022 1584 5106 virginis
1605 5022 1724 5104 Murio,
1760 5021 1950 5090 contulimus

400 5120 542 5205 predium
563 5122 647 5206 qnod
667 5121 785 5191 dieitur
805 5122 926 5189 Trebcn
945 5130 979 5190 et
999 5122 1159 5208 Doperpol
1181 5121 1331 5189 iratribus
1353 5123 1420 5189 Deo
1442 5123 1652 5192 seruientibus
1680 5125 1714 5191 in
1744 5121 1857 5191 Colbns
1878 5143 1950 5194 eum

401 5220 544 5291 omnibus
565 5217 746 5292 attinenciis
767 5224 848 5306 suis,
871 5225 965 5308 upris,
984 5224 1101 5309 protis,
1124 5225 1233 5310 cquis,
1255 5224 1356 5293 deb:
1393 5231 1432 5292 ut
1454 5226 1537 5295 uude
1557 5226 1619 5313 ipsi
1639 5225 1680 5295 du
1700 5232 1811 5297 nostre
1827 5227 1952 5303 muniti·
