4574 6240
10 655 29 704 8

10 740 30 807 i·

10 847 33 912 ί

10 964 34 1015 p.

10 1049 37 1118 u

10 1171 37 1221 p.

10 1276 38 1325 m

10 1363 40 1429 ot

10 1461 42 1531 is

10 1584 42 1634 lr-

10 1669 43 1737 i·

10 1772 45 1840 t·

10 1875 45 1944 ta

10 1996 46 2048 ο.

10 2101 47 2150 ΙΙΙ

11 2191 50 2255 ei

10 2308 50 2376 3⁰

10 2412 52 2462 Η

10 2516 52 2567 ι.

10 2619 52 2688 80

10 2722 54 2772 m

10 2812 55 2876 ἡ

10 2909 56 2978 stt

10 3031 54 3080 n.

10 3115 57 3186 eti

10 3547 61 3696 3·ss

181 740 186 751 -
178 592 190 725 ..-ἡ

1857 434 1905 510 tt

369 603 437 719 ma
456 635 647 726 principibus
669 641 755 703 tcrrc
777 641 894 718 nostru,
916 641 982 703 tarn
1005 636 1222 722 spiritualibus
1243 655 1339 721 quam
1360 635 1567 719 secularibus,
1590 588 1802 705 concambium
1824 637 1908 722 quod

180 764 185 815 .·
240 806 243 812 a
369 743 469 822 fecisti
499 759 651 810 consensu
682 739 816 807 fratrum
842 743 969 807 tuorum
991 747 1026 808 ct
1046 739 1189 809 advocati
1221 739 1350 809 abbatie
1379 748 1433 808 tuo
1466 740 1651 822 Bolozlawi‚
1686 740 1908 823 tresisuncia,

371 868 439 926 aum
458 844 601 914 Conrado
623 850 657 911 ot
677 845 791 930 Mopso
812 844 991 930 Stoygucwi
1012 845 1178 934 iratribus,
1205 851 1243 912 ut
1263 863 1366 930 noque
1387 843 1428 911 ab
1448 844 1552 912 altero
1582 862 1685 927 usquc
1713 844 1754 912 nb
1775 851 1910 930 utraque

371 956 460 1047 parte
478 966 618 1033 uuquam
638 946 717 1014 solvi
739 948 852 1033 possit3
879 949 962 1015 undo
984 949 1168 1016 stabilitatis
1189 949 1268 1016 tirius
1288 949 1329 1017 ab
1350 954 1487 1033 utruque
1508 953 1599 1032 parte
1621 947 1697 1015 data
1717 954 1776 1016 est
1802 948 1911 1017 liano·

370 1063 425 1131 ant
444 1054 553 1137 itaquo
575 1051 719 1119 Conrado
741 1057 775 1119 ct
796 1051 908 1137 Moyco
930 1051 989 1119 sub
1011 1052 1117 1119 stabili
1139 1060 1173 1121 ct
1193 1054 1317 1137 integra
1349 1053 1381 1120 in
1403 1057 1588 1137 perpetuum
1621 1050 1818 1136 possessione
1849 1054 1911 1121 duo

370 1159 451 1240 oilla,
472 1154 651 1239 napinam
672 1164 706 1223 et
723 1155 980 1240 Dabrogoztouo,
1003 1174 1074 1224 cum
1095 1156 1330 1224 circuitionibus
1351 1157 1471 1223 suiset
1491 1156 1635 1223 omnibus
1656 1155 1832 1224 attinentiis
1850 1175 1912 1240 qua

371 1266 442 1336 date
462 1265 539 1327 suut
559 1257 623 1327 illis
641 1259 676 1327 iu
696 1259 760 1327 ista
780 1260 977 1344 cambitione.
1021 1260 1152 1327 Maneat
1172 1260 1279 1327 abbati
1302 1266 1336 1328 et
1356 1258 1507 1326 fratribus
1528 1258 1588 1326 sub
1609 1259 1716 1327 stabili
1737 1265 1771 1327 et
1788 1259 1913 1343 integra

372 1367 610 1452 inperpetuum
631 1364 829 1446 possessione
848 1363 937 1432 locus
970 1362 1024 1448 qui
1046 1370 1176 1432 vocatur
1198 1364 1279 1450 Zlup
1311 1383 1382 1433 cum
1413 1363 1596 1432 circuitione
1617 1383 1676 1431 sua
1708 1370 1742 1432 et
1770 1362 1912 1431 omnibus
1952 1420 1958 1435 .

372 1466 558 1550 attinentiis,
590 1466 666 1552 quia
686 1467 852 1535 datus'est
868 1467 933 1535 illis
954 1468 1071 1536 iuista
1091 1467 1289 1536 cambitione.
1333 1467 1367 1535 Si
1399 1486 1462 1553 qua
1482 1486 1557 1536 vero
1588 1466 1762 1553 spiritualis
1780 1484 1913 1552 persona

371 1569 557 1643 mmlarisre
584 1575 728 1655 potestas
757 1570 976 1638 cambitionem
996 1571 1090 1638 istam
1112 1569 1316 1655 temptaverit
1337 1589 1505 1655 evacuare,
1541 1572 1592 1639 uel
1620 1570 1704 1639 bona
1730 1571 1771 1639 de
1799 1570 1914 1656 quibus

372 1670 516 1766 cambitio
534 1670 619 1740 iacta
639 1680 690 1741 est
709 1672 744 1740 in
764 1674 917 1742 utralibet
936 1681 1028 1760 parte
1050 1693 1218 1759 occupare,
1242 1680 1365 1756 tenere,
1386 1676 1541 1757 minuere,
1570 1676 1772 1761 septuaginta
1792 1693 1914 1742 marcas

372 1774 492 1864 arpenti
513 1774 672 1861 parissimi
690 1784 876 1861 componat,
898 1796 1033 1862 quarum
1053 1778 1133 1846 duas
1154 1784 1262 1863 partes
1282 1778 1373 1846 nobis
1393 1778 1427 1845 iu
1447 1777 1523 1846 fisco
1544 1779 1717 1864 persolvat,
1737 1797 1833 1846 mam
1850 1777 1915 1846 illis

372 1898 503 1969 quoram
522 1884 678 1947 munerata
698 1879 796 1948 fuerit
816 1882 987 1966 possessio:
1024 1882 1072 1949 ita
1090 1887 1210 1965 tamen,
1231 1888 1269 1949 at
1289 1882 1501 1950 restituantur
1521 1882 1664 1966 pristinis
1684 1880 1915 1966 possessoribus

372 2001 553 2072 quecunque
573 2001 706 2069 pervasa
726 1982 846 2052 fuerint
866 2005 887 2054 a
904 1984 1127 2069 direptoribus.
1153 1985 1253 2052 Porro
1274 1984 1317 2052 ad
1338 1984 1555 2070 complendam
1576 1985 1748 2069 pleniorem
1768 1983 1915 2052 conabo·

373 2087 524 2158 mmm
546 2087 702 2172 preseuu's
719 2087 889 2173 privilegii,
911 2088 1102 2172 signavimus
1123 2108 1220 2156 mauu
1241 2095 1351 2157 nostra
1371 2089 1453 2156 banc
1473 2088 1653 2174 paginulam
1668 2109 1725 2174 per
1738 2088 1917 2174 impressio·

372 2209 444 2261 nem
464 2189 584 2259 ducalis
604 2191 701 2259 anuli
743 2191 895 2276 Sequitur
925 2191 1097 2278 descmptio
1128 2194 1260 2260 testium
1291 2193 1347 2279 qui
1368 2197 1533 2278 presentes
1559 2191 1772 2260 iuterfuerunt
1802 2190 1917 2259 statuti

373 2294 463 2366 istius
483 2291 724 2362 confirmationi:
744 2294 910 2363 Bolealaus
931 2295 1009 2377 dux,
1031 2295 1217 2363 Kauemirus
1238 2296 1317 2378 dux,
1339 2296 1451 2364 Misioo
1462 2296 1566 2364 iunior
1586 2296 1666 2378 (lux,
1687 2293 1819 2363 Liastek
1838 2293 1903 2361 (lux

373 2399 417 2469 bii
436 2399 532 2469 duces
551 2398 749 2467 Polonoram.
784 2398 957 2484 Bogezlaus
976 2399 1040 2466 dux
1060 2398 1263 2484 Pomerauie‚
1292 2400 1408 2468 Zisdelr
1426 2397 1680 2484 archiepiscopus
1700 2397 1917 2480 Kmaeneasis,

373 2503 479 2589 Lupus
499 2502 705 2571 Ueronensis
724 2503 899 2588 episcopas,
923 2503 1069 2572 cirolaus
1089 2504 1253 2589 episcopm
1275 2504 1515 2585 Wrelauensis;
1536 2502 1727 2586 Lodimirus,
1749 2501 1831 2584 Sira,
1852 2499 1919 2568 Ha·

374 2605 517 2688 bolum,
538 2604 645 2689 lavor,
666 2605 794 2690 Stomir‚
816 2606 1004 2693 Stephanus,
1025 2605 1219 2691 Pribezlaus‚
1241 2607 1442 2690 sisibertus,
1463 2607 1571 2690 Iason,
1592 2605 1715 2688 Vizlau,
1736 2604 1835 2686 uara,
1856 2602 1919 2671 Bo-

373 2715 453 2793 rota
475 2707 623 2792 0bealar,
642 2708 769 2792 Buram,
790 2709 880 2793 Burs,
902 2710 1105 2792 Pomerauus‚
1127 2716 1161 2777 et
1181 2710 1237 2776 alii
1253 2711 1346 2778 multi
1367 2712 1420 2795 qui
1433 2709 1646 2779 iuterfuerunt
1666 2709 1822 2792 colloquio
1840 2706 1919 2775 Kni-

373 2811 506 2882 amausi
526 2811 612 2880 nau
628 2832 713 2881 mun
733 2812 775 2881 ab
792 2812 1012 2882 lucarnatioue
1025 2813 1154 2881 Domini
1165 2812 1418 2883 nemun.
1443 2812 1618 2883 iudlctione
1637 2812 1679 2897 X,
1697 2811 1744 2880 VI
1757 2809 1920 2881 Kaleam
1959 2874 1961 2878 Α

374 2915 465 3000 iiaii,
485 2915 521 2984 in
540 2917 709 3002 metropoli
728 2915 861 2986 linirem

472 3119 644 3204 Lubausis,
668 3125 855 3213 canoas,
877 3126 1228 3190 samosatenum.
1261 3122 1459 3208 Hammona,
1486 3122 1742 3208 Dobrogostuuo
1764 3125 1860 3203 ooadp
1878 3141 1923 3186 na

377 3227 534 3380 m
552 3231 605 3293 nte
624 3231 824 3309 damiane.
861 3226 959 3312 Zlup,
982 3231 1105 3310 Stupiu.
1141 3224 1366 3312 meriensis,
1388 3231 1427 3295 dc
1452 3229 1591 3294 Gamo.
1621 3223 1863 3307 ursanum,
1884 3227 1922 3291 dc

1052 3612 1126 3698 Nr.
1160 3607 1229 3698 23

475 3807 695 3892 Ktzimtrlla
722 3809 800 3893 (lux
825 3808 976 3894 Polonit
1002 3813 1124 3893 1178
1150 3831 1181 3894 t.
1210 3809 1243 3892 d.
1269 3806 1372 3910 tlh
1400 3826 1594 3896 monasterio
1611 3826 1653 3895 de
1671 3825 1808 3912 Sulejour
1829 3841 1924 3911 quas

376 3925 448 3998 iuro
468 3929 682 4016 possessiones
703 3928 834 4013 oouiert,
857 3932 1126 4016 permutationem
1145 3931 1280 3999 aliarum
1297 3929 1449 3998 admittit

477 4036 619 4115 Perpau
641 4040 757 4116 cruam
800 4038 840 4097 W
857 4039 974 4117 dolnpn
996 4041 1047 4101 nic
1067 4040 1203 4101 maian
1226 4037 1339 4115 impu
1375 4043 1443 4116 trop
1459 4053 1655 4116 poprzacznc
1675 4037 1815 4121 100in
1854 4034 1927 4097 lm

373 4133 498 4221 prilna
519 4157 546 4199 n
566 4135 669 4202 duaci
689 4141 838 4203 artmracb
854 4141 948 4219 puali
966 4159 1103 4222 perpura
1130 4123 1242 4204 'Pana
1261 4141 1353 4216 τωο
1373 4142 1418 4224 etp
1438 4137 1659 4218 eupolemum
1687 4159 1715 4201 ao
1734 4138 1821 4201 tium
1842 4136 1928 4212 noej-

376 4242 465 4304 aaut
481 4239 609 4321 popilii
626 4244 914 4328 apprpcbnlctamp
935 4244 1116 4320 dopelniana
1137 4247 1149 4306 i
1166 4247 1369 4322 popraaione
1386 4240 1581 4328 poiniejszp,
1600 4233 1763 4306 mancupia
1785 4238 1927 4305 uiciniu-

378 4341 462 4431 dona
487 4348 577 4432 rpkp,
603 4348 665 4424 jak
694 4349 740 4431 rip
760 4354 791 4409 to
819 4347 975 4424 potamje
1003 4364 1098 4425 przy:
1119 4344 1152 4410 in
1173 4351 1341 4429 perpetuo,
1374 4363 1410 4409 aa
1439 4349 1604 4411 numam
1623 4364 1682 4409 aa:
1714 4343 1749 4411 iu
1771 4341 1927 4429 potitium

384 4444 423 4506 W
438 4447 541 4515 mn
561 4451 722 4528 πέψω
742 4453 933 4530 mppruzione
954 4451 1075 4512 dabarki
1094 4453 1335 4530 superponente

477 4552 766 4634 muranum
777 4554 1062 4633 nzpncuouepo.
1076 4551 1288 4632 (masten.
1302 4555 1591 4635 roursuppume.
1606 4553 1800 4634 unsara
1811 4553 1865 4617 nr.
1879 4533 1928 4616 r.)

477 4758 567 4827 Attal
578 4764 654 4826 suut
673 4759 733 4827 bec
754 4759 789 4826 iu
809 4759 934 4827 nomine
955 4759 1081 4827 Domini
1103 4777 1186 4827 anno
1208 4758 1249 4827 ab
1270 4758 1493 4828 incarnatione
1512 4757 1789 4829 ucaxnvm
1823 4757 1929 4828 Nore-

379 4852 422 4923 rit
437 4875 567 4942 presens
584 4866 654 4930 etas
675 4861 876 4946 omniumque
904 4862 1066 4930 bominum
1087 4862 1276 4947 posteritas,
1311 4862 1396 4948 quod
1416 4881 1475 4947 ego
1494 4862 1682 4931 Raaimcrrrs
1712 4861 1779 4930 dux
1800 4861 1931 4930 Polonie

380 4960 580 5032 unauna
601 4971 637 5032 et
659 4965 829 5050 capellanis
861 4967 941 5034 meis
973 4967 1013 5034 dc
1035 4965 1131 5034 Suleo
1161 4967 1194 5034 in
1215 4966 1418 5034 elemosinam
1450 4964 1683 5052 iup(erpe)tuo
1708 4964 1931 5050 possidendam

381 5053 507 5148 Ssimir,
536 5064 685 5152 Coqualiz
707 5069 913 5136 camerarium
931 5088 1037 5137 mcum
1068 5075 1102 5137 et
1124 5068 1253 5148 (trauca
1275 5070 1357 5155 cius)
1378 5088 1450 5137 cum
1472 5069 1651 5138 hereditate
1671 5087 1792 5137 eorum
1827 5068 1864 5154 (3
1883 5069 1931 5137 lu.

382 5162 488 5248 den)...
509 5171 663 5255 smuipola
681 5189 807 5256 quoquc
828 5180 863 5239 et
882 5171 999 5241 stauos
1022 5173 1089 5240 eius
1107 5191 1179 5240 cum
1201 5171 1379 5240 inormitate
1400 5190 1519 5240 eorum
1547 5171 1597 5239 De
1617 5173 1783 5240 voluntate
1804 5175 1840 5239 et
1857 5189 1931 5240 cou-

386 5277 477 5333 uma
508 5267 615 5338 bouis
647 5273 710 5340 mei
741 5273 897 5343 Mmaouis
928 5282 1046 5343 sortem
1073 5275 1175 5365 ¹etiarn
1196 5274 1394 5343 Vrotissonis
1426 5280 1461 5342 et
1492 5281 1611 5343 sortem
1633 5273 1780 5343 Damiani
1812 5273 1932 5343 einlcm

385 5368 509 5439 contuli.
531 5371 783 5462 vittamquaqae
803 5377 940 5447 Stanuor
960 5379 1098 5448 cambire
1118 5398 1190 5447 cum
1210 5378 1338 5449 Sobclin
1359 5379 1507 5447 mucesai.
1531 5375 1701 5448 Cheniram
1722 5396 1795 5447 cum
1808 5375 1933 5446 Siborio
