4574 6240
608 244 680 323 115

539 483 546 496 ·
601 446 706 515 nana
726 446 887 516 55555515
900 448 1110 530 protelantur
1135 447 1309 532 temporali,
1341 466 1398 516 nos
1430 448 1567 516 romelia
1596 448 1701 516 animo
1723 447 1883 515 naimarus
1907 452 2017 515 eterna
2046 446 2148 515 letari.

602 548 662 617 sni
683 549 758 634 quia
778 552 942 634 generacio
963 553 1096 636 preterit
1117 556 1150 617 et
1168 551 1330 634 generacio
1356 550 1500 635 ativeuit,
1527 570 1566 620 ue
1587 550 1710 635 piarunt
1731 550 1915 634 simplicitas
1940 550 2149 634 555Ιί555555

457 644 463 656 “
601 651 702 736 possit
721 653 879 736 pravitate
896 653 1032 738 fatigari,
1055 654 1135 721 hane
1154 658 1295 720 nostram
1308 653 1511 722 donacionem
1530 653 1625 738 sigilii
1640 654 1740 721 nostri
1754 653 1958 738 impreseione
1971 658 2005 721 et
2020 655 2148 721 octium

601 754 792 840 ydonenrum
812 757 1038 841 tutipntacione
1060 756 1238 824 studuimus
1258 758 1391 824 munire.
1435 757 1559 825 Testes:
1586 756 1712 824 Mutina
1737 755 1905 824 5555551555
1932 755 1972 824 dc
1999 755 2149 837 Gnizene,

602 855 786 927 (iodeurtlns
808 860 998 928 castellane
1019 860 1059 928 15
1079 857 1184 941 vilra,
1202 859 1395 928 1155551515

705 1046 950 1130 1555555555
971 1051 1086 1113 zunta
1119 1047 1288 1133 Dopcrpnh
1308 1051 1472 1132 55555551,
1494 1069 1515 1112 z
1535 1053 1702 1116 5155155155
1724 1051 1901 1130 Domini
1935 1046 2060 1131 Gelbes,
2079 1050 2150 1114 Kot-

602 1152 683 1218 oaez.
706 1148 857 1234 Guizeue,
885 1153 1025 1220 Gaiano.
1049 1150 1154 1235 Viles,
1183 1151 1304 1217 Wietcrh
1437 1236 1440 1244 Ι

1265 1451 1340 1540 Νι.
1374 1447 1472 1537 155.

705 1644 936 1730 1115115555
969 1648 1046 1730 iux
1075 1645 1224 1730 Pnlnnis
1259 1648 1364 1732 15515
1398 1648 1534 1751 55551
1565 1645 1699 1730 odonis
1728 1645 1830 1728 filins
1863 1666 1893 1728 s
1918 1666 1951 1728 a
1978 1646 2013 1730 u
2039 1648 2076 1730 st
2109 1645 2152 1745 1;

602 1768 727 1837 murat
745 1767 865 1836 calonis
886 1766 1003 1836 1555551
1025 1784 1123 1853 prope
1143 1766 1251 1837 Nukio
1273 1769 1338 1851 siti,
1367 1786 1469 1855 nuper
1489 1785 1546 1853 per
1563 1785 1599 1836 se
1620 1766 1811 1835 monasterio
1832 1765 1873 1836 de
1892 1764 2012 1854 Luhiat
2032 1766 2151 1849 5511511,

602 1871 739 1941 medium
760 1869 951 1940 thelamone.

712 1976 868 2042 eman.
912 1971 1034 2055 55555
1062 1977 1168 2039 naua
1193 1977 1309 2040 5555.
1335 1977 1461 2056 maa,
1486 1977 1738 2056 apamenos
1767 1976 1805 2041 a.
1831 1973 1904 2039 eoa.
1928 1974 1989 2040 na
2008 1968 2172 2055 55555·

599 2081 653 2160 sat.
675 2079 742 2144 250·
777 2080 930 2156 11551551,
958 2078 1156 2143 1715155551σί
1170 2099 1204 2160 p.
1227 2080 1256 2144 9.

704 2248 772 2318 Nos
791 2249 853 2317 Dei
872 2249 977 2334 pune
1000 2248 1051 2316 W.
1070 2248 1135 2316 dux
1152 2248 1282 2317 Palanie
1301 2249 1354 2334 pic
1375 2248 1602 2318 roecrdetionis
1622 2247 1711 2319 (15515
1737 2247 1895 2334 quondm
1924 2247 2044 2318 ononis
2069 2247 2153 2317 tilius

602 2357 712 2420 notum
728 2351 862 2420 15515555
891 2350 1089 2435 precantibus
1117 2357 1152 2420 et
1180 2352 1316 2438 posteris
1343 2351 1488 2419 omnibus
1511 2351 1593 2421 hene
1619 2352 1761 2421 litterum
1783 2352 1980 2438 inspecturis,
2006 2351 2093 2438 quod
2112 2352 2153 2419 sd

602 2453 752 2522 honorem
772 2453 832 2521 Dei
850 2460 884 2522 et
903 2453 996 2522 beate
1016 2454 1118 2523 Murie
1139 2454 1269 2540 nrginis
1290 2460 1323 2523 et
1344 2454 1385 2523 oh
1406 2455 1578 2523 mmedinm
1600 2456 1704 2524 551155
1720 2462 1829 2523 nostre
1843 2462 1877 2522 et
1895 2454 2151 2538 predecessorum

601 2560 792 2638 nostrornm,
814 2555 934 2624 colonis
954 2555 1072 2624 1555551
1093 2555 1178 2642 qnod
1199 2562 1249 2624 est
1271 2574 1369 2641 prope
1390 2554 1505 2638 Nnkei,
1527 2556 1612 2641 qnod
1633 2557 1822 2625 contulimus
1843 2563 1877 2624 et
1894 2556 2036 2642 genitrici
2052 2557 2153 2624 hisrie

602 2659 715 2744 virgini
736 2658 770 2725 in
791 2657 928 2741 hahens,
950 2658 1132 2727 theloneum
1152 2660 1289 2728 551155
1314 2660 1510 2742 miscemur
1530 2659 1564 2727 iu
1584 2665 1644 2742 est,
1668 2665 1707 2727 nt
1732 2659 1815 2726 idem
1841 2659 1943 2727 551551
1972 2658 2153 2728 1151555555
2166 2725 2184 2741 ,

601 2763 726 2831 solvant
753 2763 839 2831 sicut
863 2764 946 2830 eines
976 2760 1167 2832 Orosnenses
1193 2762 1320 2831 solvunt
1352 2763 1533 2832 5151555555
1563 2765 1598 2830 15
1630 2769 1718 2832 terra
1748 2762 1879 2831 Hearici
1905 2762 2037 2830 illustris
2063 2763 2153 2830 ducis

602 2863 838 2934 2155555515
865 2865 983 2933 nasta:
1019 2871 1056 2932 nt
1088 2865 1248 2934 cenobitae
1275 2865 1437 2934 Lnbeuses
1466 2864 1649 2934 sollieiores-
1662 2866 1886 2934 intercessores
1909 2865 1951 2933 ad
1971 2864 2074 2934 115555
2096 2885 2153 2951 pro

601 2967 720 3037 noenia
740 2967 921 3036 5555551555
941 2967 1122 3036 15555555.
1166 2968 1211 3036 Et
1231 2973 1269 3036 nt
1290 2967 1350 3036 hoc
1369 2966 1528 3035 indultum
1545 2972 1689 3037 noenum
1710 2974 1862 3054 pupetn
1883 2967 1996 3038 stshiie
2008 2986 2152 3055 perseve-

602 3075 663 3152 ret,
684 3069 1029 3155 presentempsgiuum
1051 3070 1270 3156 5511115551ιί
1287 3069 1460 3138 55515155
1481 3069 1674 3139 roboramus
1860 3093 1865 3103 ·
1929 3117 1934 3129 ·

704 3239 820 3325 naun
853 3244 963 3307 5555.
1004 3239 1141 3324 55555Ἰ
1174 3242 1296 3328 neas,
1318 3262 1338 3305 ι
1359 3244 1524 3307 emera
1556 3244 1680 3308 maa.
1725 3238 1929 3325 55555555,
1958 3246 1996 3308 n
2022 3241 2153 3324 5555,
2278 3217 2285 3226 ’

603 3345 806 3410 enimenin
829 3343 976 3411 Κτοιιιιι

1183 3624 1188 3635 ,
1273 3536 1347 3623 Νι.
1382 3536 1481 3625 156.

705 3731 817 3818 sulco
843 3732 1103 3837 ncnepucop.
1130 3732 1329 3817 15555555.
1356 3736 1490 3816 1288
1517 3757 1547 3819 a
1574 3735 1608 3818 1.
1634 3737 1672 3818 et
1696 3733 1737 3837 h3
1769 3750 2156 3821 emmeramensem

604 3853 794 3922 deeimarum
815 3851 1035 3921 deterritorio
1056 3853 1193 3938 quodum
1215 3854 1249 3920 in
1270 3854 1397 3937 regione
1416 3856 1513 3923 castri
1534 3853 1640 3921 Neleia
1661 3854 1734 3936 sita,
1757 3872 1837 3938 quas
1858 3853 1889 3922 h.
1911 3871 1954 3922 nu
1967 3852 2154 3922 Vincentius

604 3955 856 4042 achiepiscopus
876 3957 1067 4025 monasterio
1088 3955 1128 4023 de
1149 3955 1268 4042 Labinz
1290 3955 1470 4025 donsrerut
2094 4018 2096 4021 ,

713 4062 869 4127 wracene.
906 4063 1023 4140 1155151.
1048 4063 1440 4135 Sternumentum,
1471 4063 1721 4141 5115555555
1753 4062 1788 4125 D.
1822 4062 1894 4125 203.
1924 4062 1984 4126 Le.
2002 4065 2154 4141 aetnae,

601 4167 656 4244 sn
678 4166 744 4229 55.
780 4164 930 4239 umen,
960 4164 1167 4244 encoma,
1187 4184 1217 4245 ρ.
1241 4167 1290 4229 55.

706 4351 805 4420 15155
826 4349 886 4419 Dei
907 4350 1014 4435 grans
1035 4349 1289 4437 archiepiscopus
1311 4350 1515 4432 Gnesnensis,
1537 4352 1691 4419 universis
1713 4356 1874 4436 presentes
1894 4351 2019 4420 litteras
2032 4350 2157 4437 inspec-

604 4455 686 4524 turis
706 4455 841 4523 55155555
863 4454 897 4521 15
914 4452 1050 4521 1155555
1075 4454 1310 4538 sempiternam.
1354 4453 1404 4521 Eu
1429 4471 1491 4538 qne
1519 4453 1561 4521 sel
1582 4451 1680 4520 divini
1707 4453 1812 4521 cuitus
1833 4461 1867 4521 et
1886 4450 2065 4521 Christiane
2082 4453 2157 4522 reii-

603 4558 705 4644 gionis
726 4562 872 4643 spectum
892 4562 1106 4639 augmentum,
1128 4555 1235 4625 favore
1257 4556 1399 4625 benivolo
1429 4554 1577 4640 ampiecti
1606 4555 1750 4624 volumus
1779 4563 1813 4623 et
1837 4555 1957 4638 155555,
1987 4560 2026 4622 nt
2050 4556 2097 4625 sic
2123 4564 2158 4625 et

603 4659 746 4730 cumulus
766 4659 872 4728 115155
892 4658 1112 4727 retribucionis
1134 4660 1224 4728 nobis
1244 4667 1413 4742 55555551,
1434 4665 1469 4728 51
1489 4657 1635 4726 debitum·
1654 4659 1826 4744 pastoralis
1839 4657 1934 4726 officii
1949 4657 2072 4742 plenius
2084 4678 2157 4727 exe·

604 4782 746 4850 5555155.
781 4761 861 4831 cnm
884 4762 982 4846 igitur
999 4761 1080 4830 bone
1101 4748 1251 4832 memorie
1273 4763 1323 4829 W.
1342 4764 1406 4831 dus
1426 4761 1557 4829 Paionie
1578 4763 1631 4845 piu
1651 4761 1876 4829 deliberetione
1897 4759 2069 4828 contulerit
2089 4780 2156 4830 mo·

603 4868 743 4936 5551515
764 4865 804 4933 de
825 4864 953 4933 Lubens
975 4863 1246 4933 Wratiziaeiensis
1267 4866 1399 4935 diocesis
1420 4872 1543 4948 purtem
1565 4863 1717 4932 territorii
1743 4864 1782 4931 dc
1804 4863 1909 4932 Nnkel
1930 4863 1972 4932 cd
1991 4863 2158 4933 colendum

604 4968 822 5036 5115555155
842 4967 887 5035 ibi
909 4968 1059 5050 hospites,
1081 4987 1138 5036 nos
1157 4969 1366 5050 attendentes,
1388 4968 1472 5053 quod
1494 4967 1534 5034 de
1554 4968 1714 5035 territorio
1736 4966 1877 5051 prelicto
1896 4967 2090 5036 Gneenensis
2105 4987 2155 5036 ec·

554 5156 557 5160 .
605 5069 701 5139 closis
721 5070 817 5139 nichil
837 5089 988 5155 umquurn
1011 5074 1161 5155 percepit,
1180 5091 1251 5141 cum
1273 5073 1378 5139 nullus
1401 5072 1579 5139 meminerit
1600 5072 1703 5156 ipsum
1725 5071 1896 5154 aliquanto
1917 5071 2015 5139 inisse
2034 5072 2077 5139 an
2091 5073 2158 5139 cui·

608 5178 712 5243 turam
733 5173 909 5269 5515555555,
936 5173 977 5240 de
1003 5191 1157 5244 consensu
1183 5173 1324 5263 Capituli
1349 5174 1450 5244 nostri
1479 5191 1572 5241 omne
1601 5174 1651 5241 ius
1677 5173 1895 5243 decimatione
1922 5174 2023 5259 pertis
2043 5173 2158 5260 preiuti
