4574 6240
736 752 903 822 clementia
923 752 988 820 dux
1008 751 1147 821 Polonie.
1170 752 1289 820 Notum
1311 753 1356 820 sit
1376 753 1521 820 omnibus
1542 757 1608 819 tam
1621 750 1821 835 presentibus
1842 768 1938 836 onam
1951 749 2078 832 futuris,
2098 754 2182 834 quod
2198 758 2268 849 ogre

737 857 803 925 rius
826 876 897 926 cum
918 876 1073 925 consensu
1094 857 1150 924 tilii
1166 858 1220 936 ,sui
1242 856 1350 943 Ogerii
1372 856 1580 925 hereditatem
1602 876 1692 924 suam
1713 855 1839 923 nomine
1859 853 1968 922 Thuza
1988 854 2022 920 in
2040 859 2203 937 presencie
2220 884 2267 937 aa

734 966 803 1029 stra
823 966 858 1029 et
878 980 984 1029 eoram
1002 960 1171 1028 baronibus
1190 967 1275 1028 terre
1298 960 1432 1028 contulit
1467 960 1599 1028 ecclesie
1633 959 1725 1026 beate
1746 956 1848 1026 Maria
1869 975 1994 1042 semper
2015 958 2143 1040 virginis
2164 975 2268 1039 sancti.

734 1083 796 1150 que
817 1064 905 1132 Petri
926 1065 959 1130 in
981 1063 1095 1131 Lulma
1126 1084 1184 1132 nee
1219 1084 1282 1132 non
1304 1062 1454 1132 imtribus
1488 1062 1749 1131 cisterciensibus
1777 1060 1892 1129 ibidem
1925 1059 2052 1128 domiuo
2075 1059 2142 1127 Deo
2163 1063 2268 1150 iugiter

734 1165 968 1251 famulantibus,
991 1187 1062 1236 cnm
1083 1168 1180 1249 silvis,
1199 1168 1293 1251 agris,
1316 1168 1417 1252 pratis
1437 1168 1487 1235 vel
1509 1167 1610 1251 anuh,
1632 1167 1701 1233 inre
1720 1164 1911 1233 hereditario
1928 1163 2028 1232 libere
2048 1164 2080 1230 in
2094 1175 2269 1250 perpetuum

582 1302 588 1316 ·
734 1270 912 1337 tenendam.
935 1269 1007 1338 Non
1029 1271 1112 1338 enim
1133 1270 1267 1354 ambigo,
1288 1269 1372 1355 quod
1394 1270 1480 1337 Deus
1502 1278 1610 1337 sancte
1632 1269 1717 1335 illius
1738 1269 1988 1353 congregationis
2010 1285 2072 1350 qne
2094 1266 2154 1350 ipsi
2168 1269 2201 1337 in
2215 1274 2269 1346 Lu.

734 1371 800 1440 kna
818 1372 934 1457 iugiter
954 1373 1092 1440 deservit
1112 1392 1237 1457 semper
1258 1373 1452 1458 propicietur
1470 1371 1642 1457 suffragiis,
1679 1371 1747 1456 ipse
1768 1370 1923 1454 largietur
1943 1375 1979 1437 et
1999 1388 2101 1436 meam
2122 1367 2269 1448 heredita.

735 1479 801 1542 tem
822 1474 927 1542 michi.
963 1475 1054 1543 Hauc
1076 1475 1174 1560 igitur
1194 1474 1397 1542 donationem
1416 1494 1474 1560 per
1495 1475 1601 1543 omnia
1618 1479 1721 1540 rutam
1743 1472 1810 1541 fore
1828 1473 1974 1555 decerno,
1995 1472 2082 1540 iideli
2103 1475 2216 1561 pagina
2235 1486 2270 1550 si.

734 1595 811 1662 guo,
844 1577 938 1662 sigilii
960 1579 1022 1645 mei
1042 1578 1246 1663 impressione
1268 1578 1397 1659 roboro,
1426 1578 1484 1645 sub
1502 1576 1585 1644 scuti
1605 1577 1667 1643 mei
1689 1573 1869 1643 defensione
1890 1574 2042 1658 suscipio,
2063 1575 2217 1661 quinimo,
2237 1601 2270 1654 ne

738 1678 835 1747 ullius
856 1678 991 1746 hominis
1012 1680 1121 1764 iniqua
1141 1680 1338 1763 malignitate
1360 1698 1416 1747 seu
1437 1679 1640 1764 improbitate
1661 1677 1781 1761 aliquid
1801 1696 1841 1745 ex
1861 1697 1901 1746 ea
1921 1676 2053 1745 convelli
2075 1678 2190 1762 possit,
2218 1688 2271 1755 sub

736 1782 869 1867 potenti
881 1801 977 1859 manu
999 1784 1203 1868 protectionis
1224 1783 1285 1850 Dei
1307 1801 1405 1868 pono:
1428 1789 1464 1849 ut
1485 1781 1628 1865 quisquis
1648 1780 1849 1848 donatiouem
1864 1779 1945 1848 hanc
1966 1779 2084 1848 violare
2104 1779 2271 1868 adtempta-

585 1924 588 1928 -
626 1869 631 1882 ’
734 1885 830 1968 serit,
859 1885 921 1952 uisi
941 1885 1034 1971 digne
1052 1886 1234 1970 resipuerit,
1268 1886 1316 1953 ira
1336 1885 1397 1953 Dei
1418 1886 1452 1951 in
1473 1892 1618 1952 eternum
1640 1885 1684 1951 sit
1703 1903 1798 1968 super
1819 1884 1932 1967 ipsum
1973 1883 2090 1951 Datum
2109 1883 2142 1949 in
2162 1883 2271 1977 Santog

734 2006 817 2055 anno
838 1987 965 2056 Domini
986 1988 1107 2056 seilicet
1129 1988 1296 2055 millesimo
1317 1988 1531 2055 ducentesimo
1552 1993 1681 2069 octavo,
1702 1985 1780 2054 XVI
1800 1985 1961 2054 Kalendas
1981 1986 2068 2054 Maii.
2110 1985 2190 2055 Cum
2221 1989 2272 2061 heo

733 2088 848 2158 fierent
867 2096 1030 2175 presentes
1046 2097 1144 2158 testes
1163 2091 1349 2158 astiterunt:
1372 2091 1600 2176 Dobrogostius
1622 2090 1791 2176 palatinus,
1812 2089 1976 2158 Bionisius
1991 2089 2182 2157 castellanus
2195 2091 2272 2186 Gne·

733 2191 1108 2380 :nffihsslurselaveniw
1140 2194 1362 2278 Drogomirus,
1393 2193 1616 2277 Svantoslaus,
1649 2192 1783 2262 heredes
1802 2192 1934 2262 eeclesia
1955 2192 2148 2279 supradicte,
2170 2199 2204 2262 et
2223 2197 2272 2265 alii

758 2602 767 2614 .
836 2498 1663 2629 ihmdtezahuknalebrabmtag,8antek.
1779 2607 1784 2618 ι

1416 2802 1491 2891 Nr.
1523 2800 1593 2890 64

838 2972 1073 3085 wladizlaus
1099 2997 1231 3084 ildonis
1247 2998 1355 3084 filins
1373 3003 1451 3085 dux
1469 3002 1512 3084 de
1529 3001 1642 3084 Kulie
1663 2947 1802 3084 1209
1828 2998 1910 3084 Dee.
1935 3003 2020 3092 25,
2046 2998 2089 3082 in
2115 2997 2273 3102 elegen

733 3121 791 3191 dat
810 3121 902 3190 villas
926 3121 1085 3206 Pymcmu
1107 3126 1141 3187 et
1157 3119 1352 3189 Braciszeno
1373 3121 1523 3191 ecclesiae
1544 3121 1574 3189 b.
1596 3120 1832 3189 Bartholomaei
1851 3120 1885 3188 iu
1905 3119 2086 3188 Tmebniea

838 3228 976 3305 Peranna.
998 3243 1095 3304 erpa,
1117 3243 1140 3288 a
1159 3223 1282 3303 lrtdrepo
1304 3234 1373 3307 trzy
1390 3230 1544 3312 pleczfcie
1560 3219 1793 3306 przpmieezona
1820 3227 1897 3289 deza
1913 3229 2075 3305 podtukrte
2095 3243 2139 3288 ne
2160 3226 2274 3290 nichel

728 3329 881 3410 jeduabn
896 3331 999 3392 melon
1014 3330 1219 3408 pnedntunie
1232 3329 1362 3408 birlwe
1375 3347 1419 3392 ne
1433 3333 1547 3404 neate·
1566 3332 1676 3408 napis:
1697 3325 1729 3395 S.
1750 3326 1917 3397 Laurencii
1929 3326 1990 3395 Dei
2010 3325 2087 3394 Gra
2108 3326 2169 3412 Ep.
2188 3325 2274 3393 Vrnt

734 3433 797 3513 2pu
818 3434 952 3518 oqupte
971 3450 1014 3496 nu
1034 3433 1155 3496 niciacb
1169 3433 1320 3509 jedwnbra
1341 3436 1525 3514 suppleverint.
1547 3434 1693 3514 Berenice
1709 3433 1832 3519 keifcte,
1850 3434 2056 3512 pndstarpin
2076 3435 2160 3517 rapte
2180 3431 2275 3507 sbroj-

734 3554 821 3617 nepo,
844 3554 887 3599 aa
908 3533 994 3613 remes
1013 3543 1109 3616 terea,
1137 3553 1248 3615 prame
1268 3545 1404 3617 respersa
1424 3556 1468 3600 ne
1484 3555 1658 3617 proponens
1690 3539 1795 3616 napa:
1829 3532 1952 3619 Sigillu.
1975 3533 2073 3602 Heus.
2092 3532 2190 3602 Ducis
2210 3531 2275 3599 zle-

734 3638 790 3709 sic
814 3640 842 3704 Ζ
860 3637 945 3718 deit)
959 3641 1124 3719 pozoaaly
1143 3642 1205 3703 eici
1218 3641 1380 3716 pedandae
1399 3637 1486 3704 title.
1831 3654 1834 3658 ·

844 3742 1270 3822 praeambientem
1290 3744 1409 3808 Archa.
1435 3744 1568 3808 stebnie.
1602 3740 1922 3818 nr.12.(1osbuca
1950 3740 2155 3818 Wiadomotci,
2180 3759 2212 3821 p.
2233 3741 2274 3816 4)

838 3945 1091 4017 Commendnbile
1112 3952 1162 4014 est
1182 3947 1337 4031 scripture
1356 3947 1569 4016 testimonium
1590 3952 1625 4015 et
1642 3946 1866 4029 necessarium,
1892 3964 1991 4031 quum
2012 3945 2177 4013 oblivionis
2197 3942 2275 4012 redi·

734 4068 823 4120 meus
843 4050 1082 4132 detrimentum,
1102 4051 1254 4134 preterita
1272 4058 1434 4134 tamquam
1451 4052 1614 4135 presencia
1630 4049 1767 4118 bumane
1787 4049 1925 4136 reppetit
1946 4049 2104 4116 memorie.
2137 4049 2187 4116 Ea
2207 4064 2275 4132 pro-

646 4229 649 4236 ,
733 4159 806 4240 pter
826 4173 883 4240 ego
909 4153 1122 4220 wladizlavus
1143 4152 1261 4220 0douis
1282 4153 1366 4220 lilius
1395 4153 1455 4220 Dei
1476 4154 1582 4237 mucia
1599 4154 1664 4221 dux
1684 4152 1725 4221 de
1745 4152 1836 4220 liniis
1857 4152 2012 4237 aeripnrre
2034 4152 2214 4219 testimonio
2231 4148 2274 4216 di·

735 4276 832 4343 gnum
849 4257 925 4324 duxi
946 4255 1179 4337 commendare,
1217 4257 1372 4340 presentis
1397 4257 1510 4341 pagine
1530 4256 1650 4342 scripta
1667 4256 1859 4324 intueneium
1881 4255 2048 4322 notificans
2069 4252 2274 4331 universitati,

734 4360 881 4447 quonism
904 4377 999 4427 causa
1018 4357 1132 4425 salutis
1152 4356 1265 4440 anime,
1289 4365 1432 4429 materne
1454 4358 1584 4427 ecclesie
1605 4359 1692 4427 beati
1712 4358 1906 4427 Burtolomei
1925 4359 1959 4424 in
1979 4358 2134 4426 Trebnich
2147 4352 2274 4425 attribui

734 4463 826 4531 uillas
846 4461 1001 4548 Pyschino
1020 4465 1054 4528 et
1074 4460 1262 4527 Brutostovo
1284 4480 1356 4528 cum
1376 4463 1442 4528 suis
1460 4460 1627 4529 heredibus
1648 4461 1837 4530 hereditario
1859 4461 1928 4529 iure
1949 4462 1983 4530 in
2000 4467 2162 4546 posterum
2179 4460 2274 4546 possi·

735 4564 868 4648 dendaa;
887 4563 1009 4632 dnobus
1029 4563 1103 4630 filiis
1124 4562 1249 4630 Pische:
1278 4561 1455 4648 Sestrennl,
1479 4564 1617 4648 cmtek,
1639 4572 1674 4632 'et
1694 4564 1815 4634 dnobus
1836 4563 1910 4632 filiis
1928 4564 2121 4650 Lutuyonis:
2148 4562 2275 4632 Nicolao

734 4675 770 4736 et
788 4667 931 4754 Puntpue
952 4672 987 4735 et
1007 4684 1115 4733 eorum
1136 4666 1248 4734 vitrico
1268 4666 1392 4751 Iacobo,
1414 4674 1452 4734 nt
1468 4674 1642 4736 memorate
1657 4669 1724 4735 sint
1744 4669 1916 4753 piscatores
1937 4668 2081 4750 melesio,
2109 4674 2143 4735 et
2162 4682 2274 4752 aquam

735 4789 807 4839 eum
829 4770 1017 4852 oratoribus,
1039 4770 1079 4837 nb
1101 4769 1168 4853 ipso
1189 4775 1293 4836 castro
1314 4771 1459 4855 superins
1480 4789 1613 4855 aquam,
1636 4771 1797 4855 usquead
1819 4770 1970 4855 Syreham
1991 4770 2120 4838 flauum
2140 4770 2195 4838 ubi
2213 4787 2274 4836 ma·

734 4891 829 4959 gnam
851 4873 953 4939 intrat
972 4891 1095 4957 nquam.
1130 4872 1233 4939 Huius
1256 4879 1321 4940 tam
1343 4873 1597 4942 commendabilis
1619 4875 1785 4942 constituti
1805 4873 1921 4942 caused
1939 4879 1974 4941 et
1995 4880 2104 4954 testes,
2126 4893 2223 4959 quum
2244 4877 2275 4938 et

734 4976 769 5044 in
789 4976 929 5061 ipsorum
949 4982 1126 5045 setectum
1154 4982 1189 5044 et
1214 4976 1577 5062 laudntnm‘presencia,
1612 4985 1689 5046 sunt
1720 4978 1779 5044 hii:
1815 4977 1881 5043 dux
1902 4975 2032 5044 Polonie
2054 4977 2274 5054 wladizlavus,

735 5078 799 5147 dux
821 5078 926 5146 Zlezie
942 5078 1116 5161 Henricus,
1151 5078 1314 5146 conradus
1346 5080 1475 5148 Henriei
1506 5081 1590 5148 libus
1619 5087 1654 5149 et
1685 5081 1840 5149 Henriens
1867 5079 2006 5146 eiusdem
2024 5080 2153 5149 Henriei
2175 5081 2276 5148 iunior

624 5233 626 5236 .
736 5182 836 5264 iilius,
858 5182 1012 5268 Lypoltus
1033 5180 1184 5267 Sbyzlane
1206 5183 1298 5260 filius,
1320 5182 1483 5269 Sbyzlava,
1505 5184 1605 5252 Lucia
1625 5203 1705 5251 uxor
1727 5181 1902 5264 Wladislui,
1934 5182 2079 5267 Hedviga
2100 5203 2180 5253 uror
2193 5184 2275 5252 lien·

734 5285 803 5369 rici,
835 5284 992 5353 Henricus
1012 5284 1140 5353 Polonie
1161 5286 1424 5371 archiepiscopus,
1454 5287 1612 5356 Amoldus
1633 5284 1856 5354 Pennaniensis
1878 5283 2053 5370 episcopus,
2087 5286 2276 5355 lamentius

735 5386 841 5456 Zienie
861 5388 1038 5473 episeopus,
1061 5387 1249 5456 laurentius
1271 5388 1462 5482 liubusensis
1483 5391 1661 5475 episcopus,
1695 5389 1858 5456 Gnnterus
1879 5384 1976 5453 abbas
1996 5387 2037 5456 do
2059 5388 2179 5474 nube,
2202 5389 2276 5457 Vin

735 5491 859 5561 annun
873 5491 1079 5574 euueelmius,
1101 5490 1256 5577 Snnrlivoy
1274 5491 1372 5561 haten
1386 5494 1464 5578 eius,
1482 5494 1539 5562 lan
1557 5493 1732 5577 lnnmvieln,
1753 5488 1873 5560 l’otrak
1888 5487 2078 5574 Cesslavieh,
2100 5493 2277 5579 Stephanus
