4574 6240
2035 421 2099 496 53⁴

539 636 713 711 demuma
734 641 843 690 earum
866 620 1099 688 rationabiliter
1119 621 1247 688 duxerit
1268 620 1496 704 proterendam,
1527 640 1628 705 usque
1650 621 1691 689 ud
1712 600 1960 688 satisfactionem
1981 620 2088 689 condi-

539 753 629 830 μω
659 725 842 797 finnitatem
863 723 1059 791 decamanus
1079 723 1219 790 debitam
1241 723 1393 794 obtinere.
1436 724 1554 792 Datum
1576 724 1676 792 Rome
1695 722 1781 810 opud
1798 730 1944 793 sanctum
1958 724 2088 794 Petrum
2224 813 2227 820 Ι

540 834 671 914 secundo
694 829 803 898 Nonas
824 826 980 911 ianuarii,
999 846 1082 897 anno
1104 843 1196 896 nono.

1223 1127 1297 1214 Nn.
1315 1129 1399 1246 144.

637 1326 878 1412 Innocentius
914 1325 978 1429 Pp.
1004 1323 1070 1406 111
1096 1327 1234 1406 1207
1262 1323 1347 1408 Jan.
1373 1329 1421 1422 4,
1457 1325 1570 1408 Rene
1594 1326 1694 1429 apud
1711 1346 1741 1408 8
1764 1323 1933 1424 Petrum
1959 1343 2089 1412 manat

540 1449 769 1535 achiepiscope
791 1446 990 1531 Gneanensi,
1010 1454 1047 1513 ut
1064 1446 1172 1528 181888,
1196 1444 1325 1513 clericos
1347 1447 1528 1532 spoliantes,
1551 1453 1738 1532 compescat

639 1552 813 1634 mpsim
832 1561 863 1618 et
883 1557 926 1617 da
952 1555 1041 1617 itud.
1065 1555 1247 1633 llipilonrota,
1266 1553 1392 1616 81188888
1412 1559 1469 1617 etc.
1495 1553 1544 1633 ΙΙ,
1559 1570 1594 1631 p.
1615 1551 1713 1616 1035.
1753 1592 1759 1606 .

639 1811 648 1828 .
670 1809 679 1827 .
700 1756 936 1842 archiepiscopo
958 1757 1146 1826 Gneznensi.
1170 1757 1260 1824 Inter
1280 1762 1401 1825 eeteros
1420 1754 1639 1825 molestiarum
1659 1773 1794 1842 angores
1812 1773 1892 1841 quas
1911 1755 1946 1823 in
1960 1754 2090 1825 Polonie

539 1863 678 1955 partibus
699 1859 819 1928 cinaei
840 1859 957 1928 dicitnr
978 1861 1122 1930 Ecclesia
1131 1863 1297 1943 susdnere,
1319 1860 1462 1945 plerique
1482 1860 1555 1928 laici
1569 1859 1906 1929 virosccclesiasticos
1919 1858 2089 1927 mobilibus

539 1975 571 2038 et
583 1963 791 2036 immobilibus
803 1962 897 2030 rebus
911 1981 974 2050 qne
988 1964 1073 2049 ipsos
1087 1964 1350 2048 patrimoniorum
1365 1963 1488 2031 ratione
1502 1963 1699 2048 contingunt,
1721 1962 1927 2048 pretermisso
1944 1961 2024 2029 iuris
2036 1979 2090 2029 or·

539 2071 619 2152 dine,
639 2086 703 2136 uon
716 2068 1017 2153 metuuntspoliare
1040 2067 1122 2148 Quia
1131 2067 1230 2152 igitur
1240 2067 1273 2133 in
1289 2067 1473 2135 clericorum
1487 2066 1752 2151 oppressionibus,
1767 2065 1921 2132 laicomm
1933 2069 1984 2132 est
2003 2064 2088 2132 inso-

541 2171 635 2244 lentie
654 2168 881 2253 resistendum,
902 2170 1097 2238 fraternitati
1116 2176 1170 2237 tue
1185 2189 1243 2254 per
1256 2170 1429 2254 apostolica
1446 2171 1566 2255 scripta
1579 2170 1782 2251 mandamus,
1803 2170 1966 2254 quatenus
1980 2167 2090 2235 huius

539 2274 869 2359 nodipreoumptora,
881 2272 1053 2341 monitione
1064 2273 1226 2357 premissa,
1238 2272 1362 2341 sublato
1374 2273 1595 2357 appellationis
1605 2271 1779 2355 obstaculo,
1790 2271 2088 2357 perdistrlatlonem

539 2374 777 2448 eccloeiasticam
797 2395 819 2443 a
838 2394 898 2443 sua
919 2377 1100 2443 temeritate
1120 2394 1309 2460 compescas.
1346 2375 1509 2459 Preterea,
1531 2395 1602 2444 cum
1624 2374 1759 2460 populus
1780 2374 1936 2459 gentium,
1959 2374 2035 2443 licat
2055 2374 2090 2442 in

540 2478 672 2549 tenebris
693 2477 887 2560 ambularet,
923 2478 1101 2547 sacerdotes
1131 2496 1206 2545 suos
1239 2484 1273 2546 et
1293 2478 1422 2545 Levites
1454 2479 1488 2546 in
1508 2484 1634 2546 tanturn
1655 2477 1783 2545 duxerit
1803 2475 2017 2560 honorandos,
2050 2483 2089 2546 nt

540 2582 659 2652 mereo
688 2598 745 2648 rex
765 2580 899 2666 Egypti,
922 2582 1036 2649 ceteris
1058 2581 1205 2649 servituti
1226 2580 1376 2663 subactis,
1413 2599 1468 2649 eos
1490 2601 1554 2650 non
1575 2581 1678 2647 solum
1698 2581 1733 2646 in
1754 2580 1890 2664 pristina
1916 2580 2089 2648 servaverit

539 2684 692 2765 libertate,
712 2683 767 2752 sed
789 2682 885 2750 etiarn
907 2683 1088 2751 admonium
1109 2684 1186 2768 ipsis
1207 2683 1248 2750 de
1268 2683 1393 2767 publioo
1412 2682 1657 2750 ministraverit:
1681 2683 1839 2767 principes
1860 2681 2019 2750 88881888
2032 2682 2089 2767 qui

540 2786 665 2856 81881888
691 2785 724 2852 18
756 2785 889 2855 Polonia
909 2786 1100 2854 constitutos
1123 2787 1209 2854 taliis
1243 2793 1277 2854 et
1295 2785 1366 2854 aliis
1387 2786 1603 2854 auctionibus
1625 2786 1818 2870 inquietant,
1852 2791 1890 2851 nt
1917 2784 1959 2852 ab
1980 2785 2089 2853 huius·

481 2886 487 2898 '
539 2889 620 2959 modi
640 2890 875 2974 presumptione
895 2889 1064 2963 desistant,
1101 2889 1274 2973 pmdenter
1293 2907 1421 2957 moneas
1439 2895 1473 2956 et
1493 2888 1662 2972 diligenter
1682 2887 1829 2970 inducas,
1859 2893 1894 2955 et
1914 2887 1943 2954 si
1961 2881 2088 2956 neeesse

539 2989 641 3074 iacnt,
662 2993 813 3060 canonica
833 3010 967 3059 censura
983 2993 1163 3078 compellas.
1188 2991 1308 3060 Datum
1326 2992 1426 3059 118888
1446 2991 1532 3076 apud
1552 2995 1697 3059 sanctum
1715 2989 1847 3058 Petmm
1867 2989 2004 3058 secundo
2021 2989 2088 3058 No·

373 3074 381 3083 ’
422 3167 424 3171 ,
539 3111 593 3162 nra
613 3091 766 3178 ianuarii,
788 3112 873 3162 anno
894 3113 986 3163 nono.

1220 3289 1294 3378 88.
1326 3289 1399 3376 48.
1467 3241 1470 3246 ’

637 3484 875 3569 Innocentius
902 3486 966 3590 Pp.
992 3484 1057 3569 III
1082 3490 1221 3570 1207
1248 3486 1333 3571 Jan.
1359 3492 1407 3585 4,
1443 3486 1556 3569 Rome
1581 3486 1681 3590 apud
1708 3507 1736 3567 s
1762 3484 1931 3582 Petrum
1956 3501 2088 3570 nmmo

540 3652 573 3681 ,.
590 3601 678 3672 (18818
698 3610 734 3672 et
753 3603 887 3673 aliomm
908 3606 1060 3673 nobilium
1077 3605 1227 3674 Polouiae
1245 3606 1433 3690 capellanis,
1454 3612 1493 3674 nt
1512 3606 1749 3674 archidiaconos
1762 3605 1929 3691 parochias
1946 3606 2087 3691 ipsomm

538 3702 699 3786 visitantes
719 3707 882 3792 recipiant,
904 3713 938 3776 et
956 3707 1171 3778 cathedratica
1192 3709 1309 3777 eisdem
1330 3710 1463 3776 solvant

637 3807 812 3892 amam
832 3820 863 3878 ct
883 3816 926 3876 da
951 3815 1039 3878 118811
1063 3816 1242 3896 diplomata,
1265 3817 1458 3879 8188188818
1483 3816 1533 3896 ῙῙ,
1551 3833 1584 3894 p.
1606 3814 1702 3879 1031.

638 4061 676 4080 ..
698 4063 707 4081 .
730 4013 819 4083 ducis
840 4021 874 4084 et
895 4015 1030 4084 aliomm
1048 4016 1201 4085 nobilium
1222 4016 1351 4086 Polonie
1372 4017 1553 4102 capellanis.
1598 4016 1679 4086 dnm
1701 4038 1740 4087 en
1761 4035 1800 4085 eo
1831 4016 1917 4102 quod
1938 4016 2086 4101 seculari·

539 4107 594 4176 bns
615 4110 749 4182 dominis
769 4116 945 4203 deservitis,
981 4118 1113 4203 pretatis
1136 4120 1356 4189 ecelesiasticis
1376 4120 1515 4188 debitam
1537 4120 1724 4190 subtrahere
1746 4139 1802 4189 vos
1823 4140 1887 4187 non
1908 4121 2020 4189 deceat
2037 4139 2086 4188 re·

539 4215 706 4284 verendam
728 4223 762 4286 et
782 4219 947 4295 honorem,
982 4223 1176 4306 presentium
1205 4223 1293 4291 vobis
1314 4225 1506 4291 auctoritate
1527 4224 1712 4291 mandamus
1733 4230 1767 4290 et
1787 4224 1932 4291 districte
1954 4224 2087 4308 precipi-

539 4329 622 4399 mus,
655 4326 811 4403 quatenus
832 4323 1067 4391 archidiaconos
1089 4331 1221 4408 8888888,
1259 4345 1329 4393 cum
1352 4326 1532 4410 parochiam
1555 4325 1712 4393 visitando
1733 4327 1776 4392 ad
1798 4327 1867 4393 loca
1886 4332 1994 4394 vestra
2015 4345 2086 4409 per·

539 4419 695 4504 vomat,
717 4422 848 4491 honeste
869 4425 1008 4516 recipere
1029 4427 1187 4493 studeatis
1205 4434 1239 4495 et
1260 4429 1513 4511 procumtionem
1534 4429 1581 4495 eis
1598 4427 1738 4496 debitam
1760 4428 1958 4511 exhibentes,
1980 4429 2087 4496 rathe-

539 4513 657 4588 dratica
677 4542 739 4608 quc
760 4524 916 4593 debentur
936 4527 1170 4613 archiepiscopo
1193 4529 1242 4596 vel
1264 4531 1427 4614 episcopis,
1460 4550 1533 4597 cum
1553 4531 1737 4616 integritate
1760 4531 1867 4599 debita
1887 4531 2085 4615 porsolvatis.

540 4617 684 4731 dlioqnin
705 4630 910 4712 sententiam,
947 4649 1043 4714 quam
1064 4631 1252 4699 venerabilis
1273 4632 1374 4700 irater
1404 4639 1514 4700 noster
1544 4683 1577 4700 ..
1607 4631 1801 4701 Gnesnensis
1832 4633 2086 4718 archiepiscopus

540 4735 571 4786 in
591 4739 645 4791 ros
676 4734 807 4813 propter
827 4730 887 4814 hoc
920 4731 1151 4799 rationabiliter
1176 4733 1304 4800 duxerit
1323 4734 1597 4818 promulgandam,
1634 4755 1735 4819 nsque
1766 4735 1808 4803 ad
1836 4735 2085 4804 sadstactionem

539 4825 720 4911 wndignanr
742 4832 924 4901 firmitatem
945 4834 1141 4903 decernimus
1163 4837 1302 4904 debitam
1324 4838 1475 4905 obtinere.
1507 4838 1627 4906 Datum
1640 4838 1846 4927 Romeapnd
1867 4845 2012 4908 sanctum
2026 4837 2086 4907 Pc-

541 4928 621 4994 trum
642 4935 779 5003 secundo
799 4935 908 5004 Nonas
929 4935 1083 5022 innuant,
1106 4958 1190 5007 anno
1211 4958 1302 5008 nono.
