<?xml version="1.0" encoding="UTF-8"?>
<!DOCTYPE html PUBLIC "-//W3C//DTD XHTML 1.0 Transitional//EN"
    "http://www.w3.org/TR/xhtml1/DTD/xhtml1-transitional.dtd">
<html xmlns="http://www.w3.org/1999/xhtml" xml:lang="en" lang="en">
 <head>
  <title>
</title>
<meta http-equiv="Content-Type" content="text/html;charset=utf-8" />
  <meta name='ocr-system' content='tesseract 3.04.00' />
  <meta name='ocr-capabilities' content='ocr_page ocr_carea ocr_par ocr_line ocrx_word'/>
</head>
<body>
  <div class='ocr_page' id='page_1' title='image "./codexdiplomatic00zakrgoog_0137.png"; bbox 0 0 4492 6224; ppageno 0'>
   <div class='ocr_carea' id='block_1_1' title="bbox 1878 418 1899 492">
    <p class='ocr_par' dir='ltr' id='par_1_1' title="bbox 1878 418 1899 492">
     <span class='ocr_line' id='line_1_1' title="bbox 1878 418 1899 492; baseline 0 0"><span class='ocrx_word' id='word_1_1' title='bbox 1878 418 1899 492; x_wconf 83' lang='grc'><strong>7</strong></span> 
     </span>
    </p>
   </div>
   <div class='ocr_carea' id='block_1_2' title="bbox 360 616 1989 1947">
    <p class='ocr_par' dir='ltr' id='par_1_2' title="bbox 360 616 1989 1947">
     <span class='ocr_line' id='line_1_2' title="bbox 363 616 1903 711; baseline -0.004 -16"><span class='ocrx_word' id='word_1_2' title='bbox 363 616 482 706; x_wconf 74' lang='lat' dir='ltr'><strong>tnmm:</strong></span> <span class='ocrx_word' id='word_1_3' title='bbox 502 627 657 711; x_wconf 82' lang='lat' dir='ltr'><strong>quatenus</strong></span> <span class='ocrx_word' id='word_1_4' title='bbox 677 621 802 707; x_wconf 89' lang='lat' dir='ltr'><strong>expleto</strong></span> <span class='ocrx_word' id='word_1_5' title='bbox 822 639 915 689; x_wconf 84' lang='lat' dir='ltr'><strong>cursu</strong></span> <span class='ocrx_word' id='word_1_6' title='bbox 937 620 1031 688; x_wconf 86' lang='lat' dir='ltr'><strong>huius</strong></span> <span class='ocrx_word' id='word_1_7' title='bbox 1052 621 1171 689; x_wconf 90' lang='lat' dir='ltr'><strong>lubrice</strong></span> <span class='ocrx_word' id='word_1_8' title='bbox 1191 627 1226 690; x_wconf 90' lang='lat' dir='ltr'><strong>et</strong></span> <span class='ocrx_word' id='word_1_9' title='bbox 1247 621 1310 690; x_wconf 90' lang='lat' dir='ltr'><strong>cito</strong></span> <span class='ocrx_word' id='word_1_10' title='bbox 1335 623 1476 708; x_wconf 87' lang='lat' dir='ltr'><strong>periture</strong></span> <span class='ocrx_word' id='word_1_11' title='bbox 1501 621 1596 705; x_wconf 92' lang='lat' dir='ltr'><strong>lucis,</strong></span> <span class='ocrx_word' id='word_1_12' title='bbox 1626 619 1790 689; x_wconf 89' lang='lat' dir='ltr'><strong>bcatcmm</strong></span> <span class='ocrx_word' id='word_1_13' title='bbox 1816 620 1903 690; x_wconf 89' lang='lat' dir='ltr'><strong>Petri</strong></span> 
     </span>
     <span class='ocr_line' id='line_1_3' title="bbox 363 725 1903 812; baseline -0.009 -5"><span class='ocrx_word' id='word_1_14' title='bbox 363 743 396 808; x_wconf 89' lang='lat' dir='ltr'><strong>et</strong></span> <span class='ocrx_word' id='word_1_15' title='bbox 412 729 503 802; x_wconf 88' lang='lat' dir='ltr'><strong>Pauli</strong></span> <span class='ocrx_word' id='word_1_16' title='bbox 522 725 734 812; x_wconf 87' lang='lat' dir='ltr'><strong>apostolorum</strong></span> <span class='ocrx_word' id='word_1_17' title='bbox 756 726 932 810; x_wconf 80' lang='lat' dir='ltr'><strong>principum</strong></span> <span class='ocrx_word' id='word_1_18' title='bbox 953 725 1075 792; x_wconf 89' lang='lat' dir='ltr'><strong>meritis</strong></span> <span class='ocrx_word' id='word_1_19' title='bbox 1097 733 1130 793; x_wconf 92' lang='lat' dir='ltr'><strong>ct</strong></span> <span class='ocrx_word' id='word_1_20' title='bbox 1151 725 1425 793; x_wconf 87' lang='lat' dir='ltr'><strong>intercessionibus</strong></span> <span class='ocrx_word' id='word_1_21' title='bbox 1446 725 1487 794; x_wconf 90' lang='lat' dir='ltr'><strong>ad</strong></span> <span class='ocrx_word' id='word_1_22' title='bbox 1507 744 1614 793; x_wconf 86' lang='lat' dir='ltr'><strong>reram</strong></span> <span class='ocrx_word' id='word_1_23' title='bbox 1634 731 1668 792; x_wconf 90' lang='lat' dir='ltr'><strong>ct</strong></span> <span class='ocrx_word' id='word_1_24' title='bbox 1681 725 1903 810; x_wconf 86' lang='lat' dir='ltr'><strong>sempiternam</strong></span> 
     </span>
     <span class='ocr_line' id='line_1_4' title="bbox 361 827 1903 929; baseline -0.005 -25"><span class='ocrx_word' id='word_1_25' title='bbox 361 834 492 927; x_wconf 72' lang='lat' dir='ltr'><strong>gloriam</strong></span> <span class='ocrx_word' id='word_1_26' title='bbox 515 829 677 915; x_wconf 90' lang='lat' dir='ltr'><strong>pervenire</strong></span> <span class='ocrx_word' id='word_1_27' title='bbox 702 828 893 908; x_wconf 75' lang='lat' dir='ltr'><strong>mercamini,</strong></span> <span class='ocrx_word' id='word_1_28' title='bbox 925 827 1041 912; x_wconf 83' lang='lat' dir='ltr'><strong>detque</strong></span> <span class='ocrx_word' id='word_1_29' title='bbox 1068 829 1157 896; x_wconf 84' lang='lat' dir='ltr'><strong>robis</strong></span> <span class='ocrx_word' id='word_1_30' title='bbox 1186 829 1310 897; x_wconf 87' lang='lat' dir='ltr'><strong>devicta</strong></span> <span class='ocrx_word' id='word_1_31' title='bbox 1335 848 1392 913; x_wconf 93' lang='lat' dir='ltr'><strong>per</strong></span> <span class='ocrx_word' id='word_1_32' title='bbox 1419 829 1523 895; x_wconf 89' lang='lat' dir='ltr'><strong>Iesum</strong></span> <span class='ocrx_word' id='word_1_33' title='bbox 1553 827 1714 929; x_wconf 73' lang='lat' dir='ltr'><strong>Christum</strong></span> <span class='ocrx_word' id='word_1_34' title='bbox 1743 828 1903 897; x_wconf 92' lang='lat' dir='ltr'><strong>dominum</strong></span> 
     </span>
     <span class='ocr_line' id='line_1_5' title="bbox 362 931 1905 1024; baseline -0.003 -19"><span class='ocrx_word' id='word_1_35' title='bbox 362 942 502 1012; x_wconf 72' lang='lat' dir='ltr'><strong>cosmum</strong></span> <span class='ocrx_word' id='word_1_36' title='bbox 523 932 720 999; x_wconf 91' lang='lat' dir='ltr'><strong>inimicorum</strong></span> <span class='ocrx_word' id='word_1_37' title='bbox 738 938 914 1024; x_wconf 87' lang='lat' dir='ltr'><strong>vestrorum</strong></span> <span class='ocrx_word' id='word_1_38' title='bbox 936 931 1083 1016; x_wconf 90' lang='lat' dir='ltr'><strong>superbia</strong></span> <span class='ocrx_word' id='word_1_39' title='bbox 1108 932 1195 1016; x_wconf 89' lang='lat' dir='ltr'><strong>pacis</strong></span> <span class='ocrx_word' id='word_1_40' title='bbox 1220 939 1254 1000; x_wconf 91' lang='lat' dir='ltr'><strong>et</strong></span> <span class='ocrx_word' id='word_1_41' title='bbox 1276 933 1504 1017; x_wconf 83' lang='lat' dir='ltr'><strong>tranquilitatis</strong></span> <span class='ocrx_word' id='word_1_42' title='bbox 1532 932 1658 1017; x_wconf 75' lang='lat' dir='ltr'><strong>gandia,</strong></span> <span class='ocrx_word' id='word_1_43' title='bbox 1687 937 1725 999; x_wconf 91' lang='lat' dir='ltr'><strong>ut</strong></span> <span class='ocrx_word' id='word_1_44' title='bbox 1754 951 1793 1000; x_wconf 85' lang='lat' dir='ltr'><strong>ex</strong></span> <span class='ocrx_word' id='word_1_45' title='bbox 1814 933 1905 1000; x_wconf 90' lang='lat' dir='ltr'><strong>donis</strong></span> 
     </span>
     <span class='ocr_line' id='line_1_6' title="bbox 362 1032 1989 1130; baseline -0.002 -25"><span class='ocrx_word' id='word_1_46' title='bbox 362 1055 485 1130; x_wconf 83' lang='lat' dir='ltr'><strong>qnoque</strong></span> <span class='ocrx_word' id='word_1_47' title='bbox 504 1034 701 1121; x_wconf 78' lang='lat' dir='ltr'><strong>presentibus</strong></span> <span class='ocrx_word' id='word_1_48' title='bbox 719 1035 914 1119; x_wconf 78' lang='lat' dir='ltr'><strong>cognoscatis</strong></span> <span class='ocrx_word' id='word_1_49' title='bbox 935 1032 1044 1102; x_wconf 85' lang='lat' dir='ltr'><strong>lutura</strong></span> <span class='ocrx_word' id='word_1_50' title='bbox 1065 1042 1184 1118; x_wconf 84' lang='lat' dir='ltr'><strong>quanta</strong></span> <span class='ocrx_word' id='word_1_51' title='bbox 1203 1036 1268 1103; x_wconf 88' lang='lat' dir='ltr'><strong>sint</strong></span> <span class='ocrx_word' id='word_1_52' title='bbox 1289 1035 1442 1103; x_wconf 76' lang='lat' dir='ltr'><strong>‹lusideric</strong></span> <span class='ocrx_word' id='word_1_53' title='bbox 1461 1035 1648 1121; x_wconf 85' lang='lat' dir='ltr'><strong>appetenda,</strong></span> <span class='ocrx_word' id='word_1_54' title='bbox 1674 1054 1736 1120; x_wconf 88' lang='lat' dir='ltr'><strong>quc</strong></span> <span class='ocrx_word' id='word_1_55' title='bbox 1756 1035 1903 1102; x_wconf 88' lang='lat' dir='ltr'><strong>nimirum</strong></span> <span class='ocrx_word' id='word_1_56' title='bbox 1986 1079 1989 1084; x_wconf 90' lang='lat'><em>·</em></span> 
     </span>
     <span class='ocr_line' id='line_1_7' title="bbox 362 1137 1904 1223; baseline -0.003 -13"><span class='ocrx_word' id='word_1_57' title='bbox 362 1145 464 1214; x_wconf 82' lang='lat' dir='ltr'><strong>circs</strong></span> <span class='ocrx_word' id='word_1_58' title='bbox 484 1138 652 1218; x_wconf 89' lang='lat' dir='ltr'><strong>delectant,</strong></span> <span class='ocrx_word' id='word_1_59' title='bbox 675 1137 759 1204; x_wconf 87' lang='lat' dir='ltr'><strong>inter</strong></span> <span class='ocrx_word' id='word_1_60' title='bbox 780 1137 886 1205; x_wconf 93' lang='lat' dir='ltr'><strong>omnia</strong></span> <span class='ocrx_word' id='word_1_61' title='bbox 906 1137 1061 1204; x_wconf 84' lang='lat' dir='ltr'><strong>servanda</strong></span> <span class='ocrx_word' id='word_1_62' title='bbox 1081 1137 1169 1204; x_wconf 89' lang='lat' dir='ltr'><strong>vobis</strong></span> <span class='ocrx_word' id='word_1_63' title='bbox 1190 1145 1240 1206; x_wconf 82' lang='lat' dir='ltr'><strong>est</strong></span> <span class='ocrx_word' id='word_1_64' title='bbox 1261 1141 1388 1221; x_wconf 90' lang='lat' dir='ltr'><strong>caritas,</strong></span> <span class='ocrx_word' id='word_1_65' title='bbox 1410 1156 1516 1223; x_wconf 89' lang='lat' dir='ltr'><strong>quam,</strong></span> <span class='ocrx_word' id='word_1_66' title='bbox 1543 1138 1627 1222; x_wconf 89' lang='lat' dir='ltr'><strong>quod</strong></span> <span class='ocrx_word' id='word_1_67' title='bbox 1649 1138 1740 1204; x_wconf 86' lang='lat' dir='ltr'><strong>insiti</strong></span> <span class='ocrx_word' id='word_1_68' title='bbox 1762 1138 1904 1223; x_wconf 91' lang='lat' dir='ltr'><strong>dicimus,</strong></span> 
     </span>
     <span class='ocr_line' id='line_1_8' title="bbox 361 1240 1904 1330; baseline -0.001 -18"><span class='ocrx_word' id='word_1_69' title='bbox 361 1251 394 1318; x_wconf 89' lang='lat' dir='ltr'><strong>in</strong></span> <span class='ocrx_word' id='word_1_70' title='bbox 413 1242 547 1330; x_wconf 87' lang='lat' dir='ltr'><strong>pecunia</strong></span> <span class='ocrx_word' id='word_1_71' title='bbox 567 1260 663 1327; x_wconf 88' lang='lat' dir='ltr'><strong>quam</strong></span> <span class='ocrx_word' id='word_1_72' title='bbox 691 1241 757 1325; x_wconf 78' lang='lat' dir='ltr'><strong>regi</strong></span> <span class='ocrx_word' id='word_1_73' title='bbox 786 1241 959 1308; x_wconf 84' lang='lat' dir='ltr'><strong>liusscrum</strong></span> <span class='ocrx_word' id='word_1_74' title='bbox 990 1240 1176 1322; x_wconf 88' lang='lat' dir='ltr'><strong>abstulistis,</strong></span> <span class='ocrx_word' id='word_1_75' title='bbox 1206 1243 1341 1310; x_wconf 79' lang='lat' dir='ltr'><strong>violasse</strong></span> <span class='ocrx_word' id='word_1_76' title='bbox 1366 1241 1523 1309; x_wconf 89' lang='lat' dir='ltr'><strong>videmini.</strong></span> <span class='ocrx_word' id='word_1_77' title='bbox 1568 1241 1767 1324; x_wconf 73' lang='lat' dir='ltr'><strong>Quapropter</strong></span> <span class='ocrx_word' id='word_1_78' title='bbox 1790 1240 1904 1310; x_wconf 90' lang='lat' dir='ltr'><strong>condo·</strong></span> 
     </span>
     <span class='ocr_line' id='line_1_9' title="bbox 360 1343 1904 1429; baseline -0.005 -10"><span class='ocrx_word' id='word_1_79' title='bbox 360 1351 459 1419; x_wconf 71' lang='lat' dir='ltr'><strong>naum</strong></span> <span class='ocrx_word' id='word_1_80' title='bbox 476 1344 566 1412; x_wconf 84' lang='lat' dir='ltr'><strong>robis</strong></span> <span class='ocrx_word' id='word_1_81' title='bbox 587 1343 722 1412; x_wconf 92' lang='lat' dir='ltr'><strong>multum</strong></span> <span class='ocrx_word' id='word_1_82' title='bbox 742 1362 798 1410; x_wconf 83' lang='lat' dir='ltr'><strong>ros</strong></span> <span class='ocrx_word' id='word_1_83' title='bbox 819 1362 966 1428; x_wconf 76' lang='lat' dir='ltr'><strong>rogamus</strong></span> <span class='ocrx_word' id='word_1_84' title='bbox 988 1350 1021 1410; x_wconf 92' lang='lat' dir='ltr'><strong>et</strong></span> <span class='ocrx_word' id='word_1_85' title='bbox 1042 1343 1254 1424; x_wconf 81' lang='lat' dir='ltr'><strong>admonemus,</strong></span> <span class='ocrx_word' id='word_1_86' title='bbox 1282 1350 1320 1410; x_wconf 95' lang='lat' dir='ltr'><strong>ut</strong></span> <span class='ocrx_word' id='word_1_87' title='bbox 1340 1363 1397 1429; x_wconf 88' lang='lat' dir='ltr'><strong>pro</strong></span> <span class='ocrx_word' id='word_1_88' title='bbox 1419 1363 1525 1412; x_wconf 84' lang='lat' dir='ltr'><strong>amore</strong></span> <span class='ocrx_word' id='word_1_89' title='bbox 1546 1343 1606 1410; x_wconf 89' lang='lat' dir='ltr'><strong>Dei</strong></span> <span class='ocrx_word' id='word_1_90' title='bbox 1631 1350 1665 1410; x_wconf 92' lang='lat' dir='ltr'><strong>ct</strong></span> <span class='ocrx_word' id='word_1_91' title='bbox 1684 1343 1786 1411; x_wconf 89' lang='lat' dir='ltr'><strong>sancti</strong></span> <span class='ocrx_word' id='word_1_92' title='bbox 1807 1343 1904 1425; x_wconf 89' lang='lat' dir='ltr'><strong>Petri,</strong></span> 
     </span>
     <span class='ocr_line' id='line_1_10' title="bbox 361 1444 1906 1538; baseline -0.003 -21"><span class='ocrx_word' id='word_1_93' title='bbox 361 1446 512 1538; x_wconf 87' lang='lat' dir='ltr'><strong>quidquid</strong></span> <span class='ocrx_word' id='word_1_94' title='bbox 533 1446 593 1514; x_wconf 90' lang='lat' dir='ltr'><strong>sibi</strong></span> <span class='ocrx_word' id='word_1_95' title='bbox 614 1465 635 1513; x_wconf 93' lang='lat' dir='ltr'><strong>a</strong></span> <span class='ocrx_word' id='word_1_96' title='bbox 655 1444 744 1512; x_wconf 83' lang='lat' dir='ltr'><strong>robis</strong></span> <span class='ocrx_word' id='word_1_97' title='bbox 765 1445 814 1512; x_wconf 87' lang='lat' dir='ltr'><strong>rel</strong></span> <span class='ocrx_word' id='word_1_98' title='bbox 837 1445 950 1513; x_wconf 88' lang='lat' dir='ltr'><strong>vestris</strong></span> <span class='ocrx_word' id='word_1_99' title='bbox 969 1445 1111 1513; x_wconf 90' lang='lat' dir='ltr'><strong>ablatum</strong></span> <span class='ocrx_word' id='word_1_100' title='bbox 1133 1453 1192 1527; x_wconf 89' lang='lat' dir='ltr'><strong>est,</strong></span> <span class='ocrx_word' id='word_1_101' title='bbox 1215 1446 1343 1514; x_wconf 86' lang='lat' dir='ltr'><strong>restitui</strong></span> <span class='ocrx_word' id='word_1_102' title='bbox 1364 1447 1505 1529; x_wconf 76' lang='lat' dir='ltr'><strong>faciatis,</strong></span> <span class='ocrx_word' id='word_1_103' title='bbox 1532 1465 1596 1514; x_wconf 90' lang='lat' dir='ltr'><strong>non</strong></span> <span class='ocrx_word' id='word_1_104' title='bbox 1617 1446 1807 1530; x_wconf 80' lang='lat' dir='ltr'><strong>ignorantes,</strong></span> <span class='ocrx_word' id='word_1_105' title='bbox 1828 1464 1906 1531; x_wconf 86' lang='lat' dir='ltr'><strong>qno·</strong></span> 
     </span>
     <span class='ocr_line' id='line_1_11' title="bbox 361 1547 1904 1635; baseline -0.005 -13"><span class='ocrx_word' id='word_1_106' title='bbox 361 1553 445 1622; x_wconf 88' lang='lat' dir='ltr'><strong>niam</strong></span> <span class='ocrx_word' id='word_1_107' title='bbox 466 1549 522 1635; x_wconf 87' lang='lat' dir='ltr'><strong>qui</strong></span> <span class='ocrx_word' id='word_1_108' title='bbox 547 1549 680 1618; x_wconf 86' lang='lat' dir='ltr'><strong>alionum</strong></span> <span class='ocrx_word' id='word_1_109' title='bbox 704 1547 788 1616; x_wconf 89' lang='lat' dir='ltr'><strong>bona</strong></span> <span class='ocrx_word' id='word_1_110' title='bbox 814 1548 930 1614; x_wconf 89' lang='lat' dir='ltr'><strong>iniuste</strong></span> <span class='ocrx_word' id='word_1_111' title='bbox 959 1547 1117 1630; x_wconf 81' lang='lat' dir='ltr'><strong>auferunt,</strong></span> <span class='ocrx_word' id='word_1_112' title='bbox 1149 1548 1210 1615; x_wconf 91' lang='lat' dir='ltr'><strong>nisi</strong></span> <span class='ocrx_word' id='word_1_113' title='bbox 1244 1549 1478 1617; x_wconf 88' lang='lat' dir='ltr'><strong>emendaverint</strong></span> <span class='ocrx_word' id='word_1_114' title='bbox 1506 1549 1534 1616; x_wconf 88' lang='lat' dir='ltr'><strong>si</strong></span> <span class='ocrx_word' id='word_1_115' title='bbox 1563 1548 1728 1616; x_wconf 90' lang='lat' dir='ltr'><strong>emendare</strong></span> <span class='ocrx_word' id='word_1_116' title='bbox 1755 1549 1904 1633; x_wconf 82' lang='lat' dir='ltr'><strong>poterint,</strong></span> 
     </span>
     <span class='ocr_line' id='line_1_12' title="bbox 361 1650 1906 1737; baseline -0.004 -14"><span class='ocrx_word' id='word_1_117' title='bbox 361 1653 541 1723; x_wconf 85' lang='lat' dir='ltr'><strong>nullatcnus</strong></span> <span class='ocrx_word' id='word_1_118' title='bbox 562 1652 595 1718; x_wconf 91' lang='lat' dir='ltr'><strong>in</strong></span> <span class='ocrx_word' id='word_1_119' title='bbox 612 1671 708 1737; x_wconf 75' lang='lat' dir='ltr'><strong>regno</strong></span> <span class='ocrx_word' id='word_1_120' title='bbox 731 1650 850 1718; x_wconf 81' lang='lat' dir='ltr'><strong>Christi</strong></span> <span class='ocrx_word' id='word_1_121' title='bbox 872 1657 906 1718; x_wconf 91' lang='lat' dir='ltr'><strong>et</strong></span> <span class='ocrx_word' id='word_1_122' title='bbox 926 1651 985 1718; x_wconf 89' lang='lat' dir='ltr'><strong>Dei</strong></span> <span class='ocrx_word' id='word_1_123' title='bbox 1007 1657 1130 1736; x_wconf 90' lang='lat' dir='ltr'><strong>portem</strong></span> <span class='ocrx_word' id='word_1_124' title='bbox 1152 1652 1268 1719; x_wconf 88' lang='lat' dir='ltr'><strong>habere</strong></span> <span class='ocrx_word' id='word_1_125' title='bbox 1289 1653 1434 1719; x_wconf 85' lang='lat' dir='ltr'><strong>credendi</strong></span> <span class='ocrx_word' id='word_1_126' title='bbox 1452 1658 1536 1720; x_wconf 80' lang='lat' dir='ltr'><strong>sunt</strong></span> <span class='ocrx_word' id='word_1_127' title='bbox 1565 1651 1636 1719; x_wconf 87' lang='lat' dir='ltr'><strong>Hoc</strong></span> <span class='ocrx_word' id='word_1_128' title='bbox 1651 1657 1758 1719; x_wconf 91' lang='lat' dir='ltr'><strong>autem</strong></span> <span class='ocrx_word' id='word_1_129' title='bbox 1778 1672 1799 1720; x_wconf 94' lang='lat' dir='ltr'><strong>a</strong></span> <span class='ocrx_word' id='word_1_130' title='bbox 1817 1650 1906 1718; x_wconf 85' lang='lat' dir='ltr'><strong>robis</strong></span> 
     </span>
     <span class='ocr_line' id='line_1_13' title="bbox 361 1754 1907 1841; baseline -0.001 -15"><span class='ocrx_word' id='word_1_131' title='bbox 361 1755 469 1827; x_wconf 84' lang='lat' dir='ltr'><strong>eadem</strong></span> <span class='ocrx_word' id='word_1_132' title='bbox 494 1756 628 1824; x_wconf 85' lang='lat' dir='ltr'><strong>caritate</strong></span> <span class='ocrx_word' id='word_1_133' title='bbox 653 1774 718 1841; x_wconf 87' lang='lat' dir='ltr'><strong>qua</strong></span> <span class='ocrx_word' id='word_1_134' title='bbox 742 1755 889 1836; x_wconf 82' lang='lat' dir='ltr'><strong>dicimus,</strong></span> <span class='ocrx_word' id='word_1_135' title='bbox 919 1773 977 1838; x_wconf 91' lang='lat' dir='ltr'><strong>pro</strong></span> <span class='ocrx_word' id='word_1_136' title='bbox 1006 1754 1109 1822; x_wconf 86' lang='lat' dir='ltr'><strong>salute</strong></span> <span class='ocrx_word' id='word_1_137' title='bbox 1135 1756 1239 1823; x_wconf 89' lang='lat' dir='ltr'><strong>anime</strong></span> <span class='ocrx_word' id='word_1_138' title='bbox 1266 1761 1371 1823; x_wconf 87' lang='lat' dir='ltr'><strong>vestre</strong></span> <span class='ocrx_word' id='word_1_139' title='bbox 1400 1757 1497 1841; x_wconf 88' lang='lat' dir='ltr'><strong>recipi</strong></span> <span class='ocrx_word' id='word_1_140' title='bbox 1531 1755 1788 1841; x_wconf 81' lang='lat' dir='ltr'><strong>concupiscimus.</strong></span> <span class='ocrx_word' id='word_1_141' title='bbox 1820 1754 1907 1824; x_wconf 88' lang='lat' dir='ltr'><strong>Data</strong></span> 
     </span>
     <span class='ocr_line' id='line_1_14' title="bbox 361 1857 1376 1947; baseline 0.002 -17"><span class='ocrx_word' id='word_1_142' title='bbox 361 1860 460 1930; x_wconf 82' lang='lat' dir='ltr'><strong>Rome</strong></span> <span class='ocrx_word' id='word_1_143' title='bbox 480 1859 615 1947; x_wconf 90' lang='lat' dir='ltr'><strong>septimo</strong></span> <span class='ocrx_word' id='word_1_144' title='bbox 635 1858 797 1928; x_wconf 74' lang='lat' dir='ltr'><strong>Kdendas</strong></span> <span class='ocrx_word' id='word_1_145' title='bbox 817 1857 905 1942; x_wconf 86' lang='lat' dir='ltr'><strong>Maii,</strong></span> <span class='ocrx_word' id='word_1_146' title='bbox 928 1857 1104 1926; x_wconf 88' lang='lat' dir='ltr'><strong>Indictiono</strong></span> <span class='ocrx_word' id='word_1_147' title='bbox 1124 1857 1247 1927; x_wconf 88' lang='lat' dir='ltr'><strong>decima</strong></span> <span class='ocrx_word' id='word_1_148' title='bbox 1268 1860 1376 1933; x_wconf 74' lang='lat' dir='ltr'><strong>tercia</strong></span> 
     </span>
    </p>
   </div>
   <div class='ocr_carea' id='block_1_3' title="bbox 1066 2156 1212 2244">
    <p class='ocr_par' dir='ltr' id='par_1_3' title="bbox 1066 2156 1212 2244">
     <span class='ocr_line' id='line_1_15' title="bbox 1066 2156 1212 2244; baseline 0.014 -2"><span class='ocrx_word' id='word_1_149' title='bbox 1066 2157 1140 2244; x_wconf 79' lang='grc' dir='ltr'><strong>Νι.</strong></span> <span class='ocrx_word' id='word_1_150' title='bbox 1172 2156 1212 2244; x_wconf 80' lang='lat'><strong>5.</strong></span> 
     </span>
    </p>
   </div>
   <div class='ocr_carea' id='block_1_4' title="bbox 221 2370 1907 2791">
    <p class='ocr_par' dir='ltr' id='par_1_4' title="bbox 221 2370 1907 2682">
     <span class='ocr_line' id='line_1_16' title="bbox 464 2370 1907 2477; baseline 0.003 -21"><span class='ocrx_word' id='word_1_151' title='bbox 464 2370 657 2458; x_wconf 72' lang='lat' dir='ltr'><strong>Pdsdhdlib</strong></span> <span class='ocrx_word' id='word_1_152' title='bbox 674 2370 1212 2477; x_wconf 66' lang='lat' dir='ltr'><strong>compressatur.)</strong></span> <span class='ocrx_word' id='word_1_153' title='bbox 1235 2391 1375 2460; x_wconf 80' lang='lat' dir='ltr'><strong>Martiae</strong></span> <span class='ocrx_word' id='word_1_154' title='bbox 1400 2390 1634 2476; x_wconf 87' lang='lat' dir='ltr'><strong>archiepiscopo</strong></span> <span class='ocrx_word' id='word_1_155' title='bbox 1656 2391 1832 2461; x_wconf 84' lang='lat' dir='ltr'><strong>Gneanenai</strong></span> <span class='ocrx_word' id='word_1_156' title='bbox 1853 2411 1907 2461; x_wconf 86' lang='lat' dir='ltr'><strong>ex·</strong></span> 
     </span>
     <span class='ocr_line' id='line_1_17' title="bbox 221 2490 1907 2580; baseline 0.001 -19"><span class='ocrx_word' id='word_1_157' title='bbox 221 2490 231 2507; x_wconf 85' lang='lat'>&#39;</span> <span class='ocrx_word' id='word_1_158' title='bbox 361 2493 451 2580; x_wconf 90' lang='lat' dir='ltr'><strong>ponit</strong></span> <span class='ocrx_word' id='word_1_159' title='bbox 471 2494 621 2577; x_wconf 80' lang='lat' dir='ltr'><strong>rationes,</strong></span> <span class='ocrx_word' id='word_1_160' title='bbox 643 2493 684 2562; x_wconf 92' lang='lat' dir='ltr'><strong>cb</strong></span> <span class='ocrx_word' id='word_1_161' title='bbox 709 2512 790 2578; x_wconf 88' lang='lat' dir='ltr'><strong>quas</strong></span> <span class='ocrx_word' id='word_1_162' title='bbox 815 2493 915 2562; x_wconf 87' lang='lat' dir='ltr'><strong>eidem</strong></span> <span class='ocrx_word' id='word_1_163' title='bbox 940 2494 1071 2580; x_wconf 90' lang='lat' dir='ltr'><strong>pallium</strong></span> <span class='ocrx_word' id='word_1_164' title='bbox 1092 2515 1131 2564; x_wconf 89' lang='lat' dir='ltr'><strong>ca</strong></span> <span class='ocrx_word' id='word_1_165' title='bbox 1160 2494 1337 2563; x_wconf 89' lang='lat' dir='ltr'><strong>conditione</strong></span> <span class='ocrx_word' id='word_1_166' title='bbox 1363 2493 1527 2577; x_wconf 78' lang='lat' dir='ltr'><strong>cbuucm,</strong></span> <span class='ocrx_word' id='word_1_167' title='bbox 1552 2501 1591 2561; x_wconf 88' lang='lat' dir='ltr'><strong>ut</strong></span> <span class='ocrx_word' id='word_1_168' title='bbox 1615 2501 1847 2564; x_wconf 87' lang='lat' dir='ltr'><strong>sacramentum</strong></span> <span class='ocrx_word' id='word_1_169' title='bbox 1872 2495 1907 2563; x_wconf 91' lang='lat' dir='ltr'><strong>in</strong></span> 
     </span>
     <span class='ocr_line' id='line_1_18' title="bbox 361 2597 1594 2682; baseline -0.006 -15"><span class='ocrx_word' id='word_1_170' title='bbox 361 2597 464 2667; x_wconf 83' lang='lat' dir='ltr'><strong>iorma</strong></span> <span class='ocrx_word' id='word_1_171' title='bbox 483 2618 505 2666; x_wconf 90' lang='lat' dir='ltr'><strong>a</strong></span> <span class='ocrx_word' id='word_1_172' title='bbox 524 2615 560 2665; x_wconf 87' lang='lat' dir='ltr'><strong>se</strong></span> <span class='ocrx_word' id='word_1_173' title='bbox 580 2597 700 2682; x_wconf 86' lang='lat' dir='ltr'><strong>scripta</strong></span> <span class='ocrx_word' id='word_1_174' title='bbox 723 2597 854 2665; x_wconf 80' lang='lat' dir='ltr'><strong>iuraret</strong></span> <span class='ocrx_word' id='word_1_175' title='bbox 1591 2640 1594 2646; x_wconf 84' lang='lat'>-</span> 
     </span>
    </p>

    <p class='ocr_par' dir='ltr' id='par_1_5' title="bbox 466 2703 1834 2791">
     <span class='ocr_line' id='line_1_19' title="bbox 466 2703 1834 2791; baseline -0.001 -23"><span class='ocrx_word' id='word_1_176' title='bbox 466 2704 629 2784; x_wconf 73' lang='lat' dir='ltr'><strong>Baroahoe,</strong></span> <span class='ocrx_word' id='word_1_177' title='bbox 652 2706 785 2767; x_wconf 76' lang='lat' dir='ltr'><strong>Aruiates</strong></span> <span class='ocrx_word' id='word_1_178' title='bbox 806 2706 1001 2768; x_wconf 78' lang='lat' dir='ltr'><strong>ecclesiastici</strong></span> <span class='ocrx_word' id='word_1_179' title='bbox 1022 2706 1065 2766; x_wconf 86' lang='lat' dir='ltr'><strong>ad</strong></span> <span class='ocrx_word' id='word_1_180' title='bbox 1084 2722 1197 2767; x_wconf 80' lang='lat' dir='ltr'><strong>mrnwn</strong></span> <span class='ocrx_word' id='word_1_181' title='bbox 1218 2705 1315 2781; x_wconf 83' lang='lat'><em>1102,</em></span> <span class='ocrx_word' id='word_1_182' title='bbox 1337 2705 1575 2791; x_wconf 55' lang='lat' dir='ltr'><strong>Pacehuiisdp.</strong></span> <span class='ocrx_word' id='word_1_183' title='bbox 1598 2705 1648 2769; x_wconf 83' lang='grc' dir='ltr'><strong>ΙΙ.</strong></span> <span class='ocrx_word' id='word_1_184' title='bbox 1670 2722 1784 2768; x_wconf 77' lang='lat' dir='ltr'><strong>murrea</strong></span> <span class='ocrx_word' id='word_1_185' title='bbox 1804 2703 1834 2767; x_wconf 81' lang='grc'><strong>3.</strong></span> 
     </span>
    </p>
   </div>
   <div class='ocr_carea' id='block_1_5' title="bbox 361 2906 1944 3819">
    <p class='ocr_par' dir='ltr' id='par_1_6' title="bbox 361 2906 1944 3819">
     <span class='ocr_line' id='line_1_20' title="bbox 463 2906 1908 2994; baseline -0.001 -17"><span class='ocrx_word' id='word_1_186' title='bbox 463 2906 626 2977; x_wconf 83' lang='lat' dir='ltr'><strong>Pascbalis</strong></span> <span class='ocrx_word' id='word_1_187' title='bbox 646 2907 811 2993; x_wconf 87' lang='lat' dir='ltr'><strong>episcopus</strong></span> <span class='ocrx_word' id='word_1_188' title='bbox 833 2926 941 2975; x_wconf 85' lang='lat' dir='ltr'><strong>servus</strong></span> <span class='ocrx_word' id='word_1_189' title='bbox 963 2926 1124 2994; x_wconf 74' lang='lat' dir='ltr'><strong>serrorum</strong></span> <span class='ocrx_word' id='word_1_190' title='bbox 1137 2908 1207 2993; x_wconf 91' lang='lat' dir='ltr'><strong>Dei,</strong></span> <span class='ocrx_word' id='word_1_191' title='bbox 1229 2908 1274 2977; x_wconf 83' lang='lat' dir='ltr'><strong>M.</strong></span> <span class='ocrx_word' id='word_1_192' title='bbox 1296 2908 1487 2976; x_wconf 88' lang='lat' dir='ltr'><strong>Poloncrum</strong></span> <span class='ocrx_word' id='word_1_193' title='bbox 1505 2907 1750 2994; x_wconf 86' lang='lat' dir='ltr'><strong>archiepiscopo.</strong></span> <span class='ocrx_word' id='word_1_194' title='bbox 1782 2906 1908 2993; x_wconf 82' lang='lat' dir='ltr'><strong>Signifi-</strong></span> 
     </span>
     <span class='ocr_line' id='line_1_21' title="bbox 362 3005 1908 3099; baseline -0.001 -18"><span class='ocrx_word' id='word_1_195' title='bbox 362 3012 443 3081; x_wconf 79' lang='lat' dir='ltr'><strong>catis</strong></span> <span class='ocrx_word' id='word_1_196' title='bbox 463 3009 562 3080; x_wconf 81' lang='lat' dir='ltr'><strong>irater</strong></span> <span class='ocrx_word' id='word_1_197' title='bbox 582 3010 765 3078; x_wconf 83' lang='lat' dir='ltr'><strong>charissime</strong></span> <span class='ocrx_word' id='word_1_198' title='bbox 789 3030 895 3095; x_wconf 78' lang='lat' dir='ltr'><strong>regern</strong></span> <span class='ocrx_word' id='word_1_199' title='bbox 915 3017 950 3078; x_wconf 92' lang='lat' dir='ltr'><strong>et</strong></span> <span class='ocrx_word' id='word_1_200' title='bbox 973 3012 1063 3096; x_wconf 75' lang='lat' dir='ltr'><strong>regni</strong></span> <span class='ocrx_word' id='word_1_201' title='bbox 1087 3013 1223 3080; x_wconf 74' lang='lat' dir='ltr'><strong>numeres</strong></span> <span class='ocrx_word' id='word_1_202' title='bbox 1247 3012 1454 3080; x_wconf 84' lang='lat' dir='ltr'><strong>admiratione</strong></span> <span class='ocrx_word' id='word_1_203' title='bbox 1477 3005 1650 3097; x_wconf 85' lang='lat' dir='ltr'><strong>permotos,</strong></span> <span class='ocrx_word' id='word_1_204' title='bbox 1672 3011 1756 3098; x_wconf 90' lang='lat' dir='ltr'><strong>quod</strong></span> <span class='ocrx_word' id='word_1_205' title='bbox 1777 3011 1908 3099; x_wconf 86' lang='lat' dir='ltr'><strong>pallium</strong></span> 
     </span>
     <span class='ocr_line' id='line_1_22' title="bbox 363 3112 1908 3201; baseline 0.001 -19"><span class='ocrx_word' id='word_1_206' title='bbox 363 3113 422 3182; x_wconf 82' lang='lat' dir='ltr'><strong>tubi</strong></span> <span class='ocrx_word' id='word_1_207' title='bbox 447 3112 488 3183; x_wconf 89' lang='lat' dir='ltr'><strong>ab</strong></span> <span class='ocrx_word' id='word_1_208' title='bbox 513 3114 714 3200; x_wconf 86' lang='lat' dir='ltr'><strong>apocrisariis</strong></span> <span class='ocrx_word' id='word_1_209' title='bbox 745 3114 863 3181; x_wconf 81' lang='lat' dir='ltr'><strong>nocuis</strong></span> <span class='ocrx_word' id='word_1_210' title='bbox 896 3114 954 3182; x_wconf 88' lang='lat' dir='ltr'><strong>tali</strong></span> <span class='ocrx_word' id='word_1_211' title='bbox 983 3114 1160 3182; x_wconf 90' lang='lat' dir='ltr'><strong>conditione</strong></span> <span class='ocrx_word' id='word_1_212' title='bbox 1192 3114 1333 3183; x_wconf 90' lang='lat' dir='ltr'><strong>oblatum</strong></span> <span class='ocrx_word' id='word_1_213' title='bbox 1364 3113 1470 3196; x_wconf 82' lang='lat' dir='ltr'><strong>fuerit,</strong></span> <span class='ocrx_word' id='word_1_214' title='bbox 1502 3114 1531 3182; x_wconf 94' lang='lat' dir='ltr'><strong>si</strong></span> <span class='ocrx_word' id='word_1_215' title='bbox 1563 3121 1795 3183; x_wconf 85' lang='lat' dir='ltr'><strong>sacramentum</strong></span> <span class='ocrx_word' id='word_1_216' title='bbox 1824 3114 1908 3201; x_wconf 87' lang='lat' dir='ltr'><strong>qnod</strong></span> 
     </span>
     <span class='ocr_line' id='line_1_23' title="bbox 361 3213 1908 3304; baseline 0.001 -19"><span class='ocrx_word' id='word_1_217' title='bbox 361 3237 383 3285; x_wconf 91' lang='lat' dir='ltr'><strong>a</strong></span> <span class='ocrx_word' id='word_1_218' title='bbox 399 3216 490 3285; x_wconf 90' lang='lat' dir='ltr'><strong>nobis</strong></span> <span class='ocrx_word' id='word_1_219' title='bbox 510 3217 663 3303; x_wconf 88' lang='lat' dir='ltr'><strong>scripturn</strong></span> <span class='ocrx_word' id='word_1_220' title='bbox 684 3215 874 3298; x_wconf 83' lang='lat' dir='ltr'><strong>detulerant,</strong></span> <span class='ocrx_word' id='word_1_221' title='bbox 890 3219 1021 3285; x_wconf 90' lang='lat' dir='ltr'><strong>iurares.</strong></span> <span class='ocrx_word' id='word_1_222' title='bbox 1055 3216 1093 3284; x_wconf 94' lang='lat' dir='ltr'><strong>In</strong></span> <span class='ocrx_word' id='word_1_223' title='bbox 1107 3216 1204 3301; x_wconf 91' lang='lat' dir='ltr'><strong>pallio</strong></span> <span class='ocrx_word' id='word_1_224' title='bbox 1218 3217 1319 3286; x_wconf 85' lang='lat' dir='ltr'><strong>irater</strong></span> <span class='ocrx_word' id='word_1_225' title='bbox 1335 3217 1496 3302; x_wconf 90' lang='lat' dir='ltr'><strong>plenitudo</strong></span> <span class='ocrx_word' id='word_1_226' title='bbox 1517 3217 1699 3287; x_wconf 88' lang='lat' dir='ltr'><strong>conceditur</strong></span> <span class='ocrx_word' id='word_1_227' title='bbox 1717 3213 1908 3304; x_wconf 85' lang='lat' dir='ltr'><strong>pontificalis</strong></span> 
     </span>
     <span class='ocr_line' id='line_1_24' title="bbox 361 3319 1909 3408; baseline 0.001 -18"><span class='ocrx_word' id='word_1_228' title='bbox 361 3319 466 3404; x_wconf 81' lang='lat' dir='ltr'><strong>officii,</strong></span> <span class='ocrx_word' id='word_1_229' title='bbox 487 3321 564 3407; x_wconf 87' lang='lat' dir='ltr'><strong>quia</strong></span> <span class='ocrx_word' id='word_1_230' title='bbox 584 3321 674 3390; x_wconf 85' lang='lat' dir='ltr'><strong>iuxta</strong></span> <span class='ocrx_word' id='word_1_231' title='bbox 695 3319 785 3389; x_wconf 86' lang='lat' dir='ltr'><strong>Sedis</strong></span> <span class='ocrx_word' id='word_1_232' title='bbox 806 3322 979 3406; x_wconf 85' lang='lat' dir='ltr'><strong>apostolice</strong></span> <span class='ocrx_word' id='word_1_233' title='bbox 1004 3328 1038 3389; x_wconf 92' lang='lat' dir='ltr'><strong>et</strong></span> <span class='ocrx_word' id='word_1_234' title='bbox 1063 3323 1161 3390; x_wconf 87' lang='lat' dir='ltr'><strong>totins</strong></span> <span class='ocrx_word' id='word_1_235' title='bbox 1182 3321 1321 3389; x_wconf 82' lang='lat' dir='ltr'><strong>Ecclesia</strong></span> <span class='ocrx_word' id='word_1_236' title='bbox 1343 3321 1614 3404; x_wconf 89' lang='lat' dir='ltr'><strong>consuetudinem,</strong></span> <span class='ocrx_word' id='word_1_237' title='bbox 1645 3328 1721 3390; x_wconf 84' lang='lat' dir='ltr'><strong>unte</strong></span> <span class='ocrx_word' id='word_1_238' title='bbox 1744 3329 1909 3408; x_wconf 84' lang='lat' dir='ltr'><strong>acceptum</strong></span> 
     </span>
     <span class='ocr_line' id='line_1_25' title="bbox 361 3424 1907 3510; baseline 0.001 -17"><span class='ocrx_word' id='word_1_239' title='bbox 361 3424 494 3510; x_wconf 87' lang='lat' dir='ltr'><strong>pallium</strong></span> <span class='ocrx_word' id='word_1_240' title='bbox 514 3424 767 3510; x_wconf 86' lang='lat' dir='ltr'><strong>metropolitanis</strong></span> <span class='ocrx_word' id='word_1_241' title='bbox 788 3426 916 3493; x_wconf 90' lang='lat' dir='ltr'><strong>minime</strong></span> <span class='ocrx_word' id='word_1_242' title='bbox 937 3424 1013 3494; x_wconf 85' lang='lat' dir='ltr'><strong>lieet</strong></span> <span class='ocrx_word' id='word_1_243' title='bbox 1034 3431 1092 3494; x_wconf 93' lang='lat' dir='ltr'><strong>ant</strong></span> <span class='ocrx_word' id='word_1_244' title='bbox 1112 3425 1274 3510; x_wconf 89' lang='lat' dir='ltr'><strong>episcopos</strong></span> <span class='ocrx_word' id='word_1_245' title='bbox 1289 3442 1473 3492; x_wconf 87' lang='lat' dir='ltr'><strong>consecrare</strong></span> <span class='ocrx_word' id='word_1_246' title='bbox 1487 3432 1544 3493; x_wconf 85' lang='lat' dir='ltr'><strong>aut</strong></span> <span class='ocrx_word' id='word_1_247' title='bbox 1558 3424 1719 3510; x_wconf 78' lang='lat' dir='ltr'><strong>synodum</strong></span> <span class='ocrx_word' id='word_1_248' title='bbox 1740 3424 1907 3494; x_wconf 88' lang='lat' dir='ltr'><strong>celebrare.</strong></span> 
     </span>
     <span class='ocr_line' id='line_1_26' title="bbox 361 3525 1909 3596; baseline 0.001 -2"><span class='ocrx_word' id='word_1_249' title='bbox 361 3525 520 3595; x_wconf 84' lang='lat' dir='ltr'><strong>liirentur</strong></span> <span class='ocrx_word' id='word_1_250' title='bbox 543 3526 577 3594; x_wconf 93' lang='lat' dir='ltr'><strong>in</strong></span> <span class='ocrx_word' id='word_1_251' title='bbox 602 3526 663 3596; x_wconf 86' lang='lat' dir='ltr'><strong>hac</strong></span> <span class='ocrx_word' id='word_1_252' title='bbox 689 3546 786 3596; x_wconf 79' lang='lat' dir='ltr'><strong>caum</strong></span> <span class='ocrx_word' id='word_1_253' title='bbox 811 3533 845 3595; x_wconf 89' lang='lat' dir='ltr'><strong>et</strong></span> <span class='ocrx_word' id='word_1_254' title='bbox 868 3527 1038 3596; x_wconf 91' lang='lat' dir='ltr'><strong>Dominum</strong></span> <span class='ocrx_word' id='word_1_255' title='bbox 1064 3529 1168 3596; x_wconf 89' lang='lat' dir='ltr'><strong>Iesum</strong></span> <span class='ocrx_word' id='word_1_256' title='bbox 1195 3527 1367 3595; x_wconf 81' lang='lat' dir='ltr'><strong>christum.</strong></span> <span class='ocrx_word' id='word_1_257' title='bbox 1412 3527 1492 3595; x_wconf 88' lang='lat' dir='ltr'><strong>Cum</strong></span> <span class='ocrx_word' id='word_1_258' title='bbox 1523 3528 1607 3596; x_wconf 91' lang='lat' dir='ltr'><strong>enim</strong></span> <span class='ocrx_word' id='word_1_259' title='bbox 1639 3527 1792 3596; x_wconf 88' lang='lat' dir='ltr'><strong>Dominus</strong></span> <span class='ocrx_word' id='word_1_260' title='bbox 1819 3527 1909 3596; x_wconf 79' lang='lat' dir='ltr'><strong>Iasus</strong></span> 
     </span>
     <span class='ocr_line' id='line_1_27' title="bbox 363 3625 1944 3711; baseline 0.001 -13"><span class='ocrx_word' id='word_1_261' title='bbox 363 3627 519 3711; x_wconf 74' lang='lat' dir='ltr'><strong>chrisme,</strong></span> <span class='ocrx_word' id='word_1_262' title='bbox 540 3634 578 3696; x_wconf 93' lang='lat' dir='ltr'><strong>ut</strong></span> <span class='ocrx_word' id='word_1_263' title='bbox 602 3629 742 3698; x_wconf 91' lang='lat' dir='ltr'><strong>omnium</strong></span> <span class='ocrx_word' id='word_1_264' title='bbox 766 3631 872 3699; x_wconf 86' lang='lat' dir='ltr'><strong>crium</strong></span> <span class='ocrx_word' id='word_1_265' title='bbox 897 3625 1027 3699; x_wconf 76' lang='lat' dir='ltr'><strong>suarum</strong></span> <span class='ocrx_word' id='word_1_266' title='bbox 1052 3649 1161 3699; x_wconf 91' lang='lat' dir='ltr'><strong>curam</strong></span> <span class='ocrx_word' id='word_1_267' title='bbox 1186 3629 1306 3698; x_wconf 82' lang='lat' dir='ltr'><strong>Simoni</strong></span> <span class='ocrx_word' id='word_1_268' title='bbox 1331 3630 1426 3699; x_wconf 88' lang='lat' dir='ltr'><strong>Petro</strong></span> <span class='ocrx_word' id='word_1_269' title='bbox 1454 3631 1667 3698; x_wconf 89' lang='lat' dir='ltr'><strong>committeret</strong></span> <span class='ocrx_word' id='word_1_270' title='bbox 1698 3630 1909 3700; x_wconf 90' lang='lat' dir='ltr'><strong>conditionem</strong></span> <span class='ocrx_word' id='word_1_271' title='bbox 1942 3680 1944 3684; x_wconf 24' lang='grc' dir='ltr'><strong>ι</strong></span> 
     </span>
     <span class='ocr_line' id='line_1_28' title="bbox 362 3731 1910 3819; baseline 0.001 -19"><span class='ocrx_word' id='word_1_272' title='bbox 362 3734 469 3818; x_wconf 83' lang='lat' dir='ltr'><strong>posuit</strong></span> <span class='ocrx_word' id='word_1_273' title='bbox 493 3732 616 3801; x_wconf 85' lang='lat' dir='ltr'><strong>dicens:</strong></span> <span class='ocrx_word' id='word_1_274' title='bbox 647 3732 761 3818; x_wconf 73' lang='lat' dir='ltr'><strong>Diligis</strong></span> <span class='ocrx_word' id='word_1_275' title='bbox 785 3753 837 3802; x_wconf 92' lang='lat' dir='ltr'><strong>me</strong></span> <span class='ocrx_word' id='word_1_276' title='bbox 862 3733 970 3802; x_wconf 82' lang='lat' dir='ltr'><strong>Simon</strong></span> <span class='ocrx_word' id='word_1_277' title='bbox 995 3734 1109 3802; x_wconf 84' lang='lat' dir='ltr'><strong>Petne?</strong></span> <span class='ocrx_word' id='word_1_278' title='bbox 1131 3752 1226 3819; x_wconf 82' lang='lat' dir='ltr'><strong>pasce</strong></span> <span class='ocrx_word' id='word_1_279' title='bbox 1249 3753 1324 3802; x_wconf 82' lang='lat' dir='ltr'><strong>ores</strong></span> <span class='ocrx_word' id='word_1_280' title='bbox 1344 3752 1445 3815; x_wconf 60' lang='lat' dir='ltr'><strong>meam</strong></span> <span class='ocrx_word' id='word_1_281' title='bbox 1471 3735 1500 3801; x_wconf 87' lang='lat' dir='ltr'><strong>si</strong></span> <span class='ocrx_word' id='word_1_282' title='bbox 1525 3732 1788 3802; x_wconf 89' lang='lat' dir='ltr'><strong>conscientiarum</strong></span> <span class='ocrx_word' id='word_1_283' title='bbox 1806 3731 1910 3802; x_wconf 85' lang='lat' dir='ltr'><strong>iactor</strong></span> 
     </span>
    </p>
   </div>
   <div class='ocr_carea' id='block_1_6' title="bbox 362 3805 2065 3921">
    <p class='ocr_par' dir='ltr' id='par_1_7' title="bbox 362 3805 2065 3921">
     <span class='ocr_line' id='line_1_29' title="bbox 362 3805 2065 3921; baseline 0.002 -18"><span class='ocrx_word' id='word_1_284' title='bbox 362 3841 397 3904; x_wconf 87' lang='lat' dir='ltr'><strong>et</strong></span> <span class='ocrx_word' id='word_1_285' title='bbox 417 3835 561 3904; x_wconf 82' lang='lat' dir='ltr'><strong>moditor</strong></span> <span class='ocrx_word' id='word_1_286' title='bbox 580 3835 759 3905; x_wconf 90' lang='lat' dir='ltr'><strong>conditione</strong></span> <span class='ocrx_word' id='word_1_287' title='bbox 779 3837 840 3905; x_wconf 87' lang='lat' dir='ltr'><strong>hac</strong></span> <span class='ocrx_word' id='word_1_288' title='bbox 858 3856 933 3905; x_wconf 89' lang='lat' dir='ltr'><strong>usus</strong></span> <span class='ocrx_word' id='word_1_289' title='bbox 959 3843 1092 3905; x_wconf 90' lang='lat' dir='ltr'><strong>estnec</strong></span> <span class='ocrx_word' id='word_1_290' title='bbox 1119 3837 1216 3905; x_wconf 90' lang='lat' dir='ltr'><strong>semei</strong></span> <span class='ocrx_word' id='word_1_291' title='bbox 1242 3842 1377 3920; x_wconf 87' lang='lat' dir='ltr'><strong>tantum,</strong></span> <span class='ocrx_word' id='word_1_292' title='bbox 1403 3836 1513 3904; x_wconf 89' lang='lat' dir='ltr'><strong>sedet</strong></span> <span class='ocrx_word' id='word_1_293' title='bbox 1534 3836 1670 3903; x_wconf 88' lang='lat' dir='ltr'><strong>secundo</strong></span> <span class='ocrx_word' id='word_1_294' title='bbox 1692 3841 1845 3921; x_wconf 85' lang='lat' dir='ltr'><strong>etnsque</strong></span> <span class='ocrx_word' id='word_1_295' title='bbox 1867 3837 1909 3906; x_wconf 89' lang='lat' dir='ltr'><strong>ad</strong></span> <span class='ocrx_word' id='word_1_296' title='bbox 1977 3865 1978 3869; x_wconf 41' lang='lat'>¹</span> <span class='ocrx_word' id='word_1_297' title='bbox 2057 3805 2065 3813; x_wconf 15' lang='grc' dir='ltr'><strong>ἱ</strong></span> 
     </span>
    </p>
   </div>
   <div class='ocr_carea' id='block_1_7' title="bbox 361 3938 1912 5468">
    <p class='ocr_par' dir='ltr' id='par_1_8' title="bbox 361 3938 1912 5468">
     <span class='ocr_line' id='line_1_30' title="bbox 363 3938 1907 4026; baseline 0.001 -19"><span class='ocrx_word' id='word_1_298' title='bbox 363 3938 648 4007; x_wconf 80' lang='lat' dir='ltr'><strong>mutristationem:</strong></span> <span class='ocrx_word' id='word_1_299' title='bbox 670 3958 735 4025; x_wconf 86' lang='lat' dir='ltr'><strong>qua</strong></span> <span class='ocrx_word' id='word_1_300' title='bbox 755 3959 813 4008; x_wconf 87' lang='lat' dir='ltr'><strong>nos</strong></span> <span class='ocrx_word' id='word_1_301' title='bbox 834 3940 1054 4024; x_wconf 88' lang='lat' dir='ltr'><strong>sollicitudine,</strong></span> <span class='ocrx_word' id='word_1_302' title='bbox 1077 3960 1142 4026; x_wconf 87' lang='lat' dir='ltr'><strong>qua</strong></span> <span class='ocrx_word' id='word_1_303' title='bbox 1163 3940 1340 4026; x_wconf 86' lang='lat' dir='ltr'><strong>provisione</strong></span> <span class='ocrx_word' id='word_1_304' title='bbox 1360 3945 1488 4025; x_wconf 86' lang='lat' dir='ltr'><strong>oportet</strong></span> <span class='ocrx_word' id='word_1_305' title='bbox 1506 3945 1630 4007; x_wconf 72' lang='lat' dir='ltr'><strong>mutam</strong></span> <span class='ocrx_word' id='word_1_306' title='bbox 1644 3939 1785 4008; x_wconf 83' lang='lat' dir='ltr'><strong>Ecclesia</strong></span> <span class='ocrx_word' id='word_1_307' title='bbox 1803 3940 1907 4024; x_wconf 89' lang='lat' dir='ltr'><strong>prela·</strong></span> 
     </span>
     <span class='ocr_line' id='line_1_31' title="bbox 363 4041 1909 4128; baseline 0 -18"><span class='ocrx_word' id='word_1_308' title='bbox 363 4041 494 4124; x_wconf 84' lang='lat' dir='ltr'><strong>tionem,</strong></span> <span class='ocrx_word' id='word_1_309' title='bbox 520 4047 644 4109; x_wconf 76' lang='lat' dir='ltr'><strong>unum</strong></span> <span class='ocrx_word' id='word_1_310' title='bbox 669 4041 789 4110; x_wconf 80' lang='lat' dir='ltr'><strong>Christi</strong></span> <span class='ocrx_word' id='word_1_311' title='bbox 813 4044 918 4110; x_wconf 89' lang='lat' dir='ltr'><strong>crium</strong></span> <span class='ocrx_word' id='word_1_312' title='bbox 945 4063 1053 4111; x_wconf 90' lang='lat' dir='ltr'><strong>curam</strong></span> <span class='ocrx_word' id='word_1_313' title='bbox 1078 4043 1230 4112; x_wconf 89' lang='lat' dir='ltr'><strong>fratribus</strong></span> <span class='ocrx_word' id='word_1_314' title='bbox 1255 4043 1416 4128; x_wconf 88' lang='lat' dir='ltr'><strong>imponere</strong></span> <span class='ocrx_word' id='word_1_315' title='bbox 1440 4062 1574 4128; x_wconf 88' lang='lat' dir='ltr'><strong>qaorum</strong></span> <span class='ocrx_word' id='word_1_316' title='bbox 1601 4043 1823 4110; x_wconf 90' lang='lat' dir='ltr'><strong>conscientiam</strong></span> <span class='ocrx_word' id='word_1_317' title='bbox 1845 4062 1909 4111; x_wconf 91' lang='lat' dir='ltr'><strong>non</strong></span> 
     </span>
     <span class='ocr_line' id='line_1_32' title="bbox 361 4143 1910 4232; baseline 0.002 -21"><span class='ocrx_word' id='word_1_318' title='bbox 361 4143 511 4226; x_wconf 67' lang='lat' dir='ltr'><strong>ffimrus,</strong></span> <span class='ocrx_word' id='word_1_319' title='bbox 533 4143 596 4211; x_wconf 91' lang='lat' dir='ltr'><strong>illis</strong></span> <span class='ocrx_word' id='word_1_320' title='bbox 621 4145 756 4212; x_wconf 87' lang='lat' dir='ltr'><strong>maxime</strong></span> <span class='ocrx_word' id='word_1_321' title='bbox 781 4163 860 4229; x_wconf 88' lang='lat' dir='ltr'><strong>qnos</strong></span> <span class='ocrx_word' id='word_1_322' title='bbox 884 4146 971 4212; x_wconf 93' lang='lat' dir='ltr'><strong>nullo</strong></span> <span class='ocrx_word' id='word_1_323' title='bbox 997 4165 1058 4213; x_wconf 91' lang='lat' dir='ltr'><strong>usu</strong></span> <span class='ocrx_word' id='word_1_324' title='bbox 1084 4149 1240 4228; x_wconf 74' lang='lat' dir='ltr'><strong>commus,</strong></span> <span class='ocrx_word' id='word_1_325' title='bbox 1274 4165 1408 4232; x_wconf 88' lang='lat' dir='ltr'><strong>quorum</strong></span> <span class='ocrx_word' id='word_1_326' title='bbox 1440 4147 1641 4215; x_wconf 88' lang='lat' dir='ltr'><strong>dilectionem</strong></span> <span class='ocrx_word' id='word_1_327' title='bbox 1667 4145 1792 4231; x_wconf 87' lang='lat' dir='ltr'><strong>penitus</strong></span> <span class='ocrx_word' id='word_1_328' title='bbox 1821 4147 1910 4232; x_wconf 74' lang='lat' dir='ltr'><strong>igno-</strong></span> 
     </span>
     <span class='ocr_line' id='line_1_33' title="bbox 363 4247 1910 4333; baseline 0.001 -18"><span class='ocrx_word' id='word_1_329' title='bbox 363 4247 490 4315; x_wconf 79' lang='lat' dir='ltr'><strong>ramus?</strong></span> <span class='ocrx_word' id='word_1_330' title='bbox 521 4247 631 4328; x_wconf 80' lang='lat' dir='ltr'><strong>Aiunt,</strong></span> <span class='ocrx_word' id='word_1_331' title='bbox 652 4265 744 4315; x_wconf 91' lang='lat' dir='ltr'><strong>omne</strong></span> <span class='ocrx_word' id='word_1_332' title='bbox 774 4248 990 4315; x_wconf 86' lang='lat' dir='ltr'><strong>iusiurandum</strong></span> <span class='ocrx_word' id='word_1_333' title='bbox 1017 4269 1037 4316; x_wconf 93' lang='lat' dir='ltr'><strong>a</strong></span> <span class='ocrx_word' id='word_1_334' title='bbox 1059 4249 1186 4317; x_wconf 80' lang='lat' dir='ltr'><strong>Christo</strong></span> <span class='ocrx_word' id='word_1_335' title='bbox 1217 4249 1285 4318; x_wconf 91' lang='lat' dir='ltr'><strong>Deo</strong></span> <span class='ocrx_word' id='word_1_336' title='bbox 1306 4249 1340 4316; x_wconf 93' lang='lat' dir='ltr'><strong>in</strong></span> <span class='ocrx_word' id='word_1_337' title='bbox 1361 4249 1522 4333; x_wconf 76' lang='lat' dir='ltr'><strong>evaugelio</strong></span> <span class='ocrx_word' id='word_1_338' title='bbox 1543 4268 1612 4315; x_wconf 76' lang='lat' dir='ltr'><strong>esse</strong></span> <span class='ocrx_word' id='word_1_339' title='bbox 1634 4248 1835 4333; x_wconf 88' lang='lat' dir='ltr'><strong>pmhihitum,</strong></span> <span class='ocrx_word' id='word_1_340' title='bbox 1851 4269 1910 4318; x_wconf 91' lang='lat' dir='ltr'><strong>nec</strong></span> 
     </span>
     <span class='ocr_line' id='line_1_34' title="bbox 363 4347 1910 4438; baseline 0.001 -20"><span class='ocrx_word' id='word_1_341' title='bbox 363 4347 404 4418; x_wconf 88' lang='lat' dir='ltr'><strong>ab</strong></span> <span class='ocrx_word' id='word_1_342' title='bbox 424 4348 502 4435; x_wconf 88' lang='lat' dir='ltr'><strong>ipsis</strong></span> <span class='ocrx_word' id='word_1_343' title='bbox 524 4349 676 4435; x_wconf 89' lang='lat' dir='ltr'><strong>apostolis</strong></span> <span class='ocrx_word' id='word_1_344' title='bbox 698 4358 771 4435; x_wconf 86' lang='lat' dir='ltr'><strong>post</strong></span> <span class='ocrx_word' id='word_1_345' title='bbox 788 4351 967 4434; x_wconf 90' lang='lat' dir='ltr'><strong>Dominum,</strong></span> <span class='ocrx_word' id='word_1_346' title='bbox 989 4352 1102 4420; x_wconf 91' lang='lat' dir='ltr'><strong>necin</strong></span> <span class='ocrx_word' id='word_1_347' title='bbox 1124 4352 1273 4421; x_wconf 80' lang='lat' dir='ltr'><strong>Conciliis</strong></span> <span class='ocrx_word' id='word_1_348' title='bbox 1294 4352 1428 4419; x_wconf 82' lang='lat' dir='ltr'><strong>inveniri</strong></span> <span class='ocrx_word' id='word_1_349' title='bbox 1446 4371 1539 4438; x_wconf 90' lang='lat' dir='ltr'><strong>posse</strong></span> <span class='ocrx_word' id='word_1_350' title='bbox 1559 4358 1727 4419; x_wconf 88' lang='lat' dir='ltr'><strong>statutum.</strong></span> <span class='ocrx_word' id='word_1_351' title='bbox 1764 4352 1846 4434; x_wconf 85' lang='lat' dir='ltr'><strong>Quid</strong></span> <span class='ocrx_word' id='word_1_352' title='bbox 1859 4357 1910 4420; x_wconf 78' lang='lat' dir='ltr'><strong>est</strong></span> 
     </span>
     <span class='ocr_line' id='line_1_35' title="bbox 363 4451 1909 4540; baseline 0.003 -21"><span class='ocrx_word' id='word_1_353' title='bbox 363 4469 437 4537; x_wconf 78' lang='lat' dir='ltr'><strong>ergo</strong></span> <span class='ocrx_word' id='word_1_354' title='bbox 458 4451 542 4537; x_wconf 88' lang='lat' dir='ltr'><strong>quod</strong></span> <span class='ocrx_word' id='word_1_355' title='bbox 563 4452 646 4520; x_wconf 91' lang='lat' dir='ltr'><strong>idem</strong></span> <span class='ocrx_word' id='word_1_356' title='bbox 667 4451 821 4520; x_wconf 90' lang='lat' dir='ltr'><strong>Dominus</strong></span> <span class='ocrx_word' id='word_1_357' title='bbox 842 4454 1028 4522; x_wconf 88' lang='lat' dir='ltr'><strong>subsecutus</strong></span> <span class='ocrx_word' id='word_1_358' title='bbox 1055 4456 1115 4525; x_wconf 91' lang='lat' dir='ltr'><strong>ait:</strong></span> <span class='ocrx_word' id='word_1_359' title='bbox 1142 4454 1231 4536; x_wconf 91' lang='lat' dir='ltr'><strong>Quod</strong></span> <span class='ocrx_word' id='word_1_360' title='bbox 1257 4455 1392 4540; x_wconf 89' lang='lat' dir='ltr'><strong>amplius</strong></span> <span class='ocrx_word' id='word_1_361' title='bbox 1418 4460 1481 4539; x_wconf 82' lang='lat' dir='ltr'><strong>est,</strong></span> <span class='ocrx_word' id='word_1_362' title='bbox 1508 4455 1634 4523; x_wconf 91' lang='lat' dir='ltr'><strong>amalo</strong></span> <span class='ocrx_word' id='word_1_363' title='bbox 1655 4460 1718 4538; x_wconf 85' lang='lat' dir='ltr'><strong>est;</strong></span> <span class='ocrx_word' id='word_1_364' title='bbox 1744 4456 1805 4524; x_wconf 91' lang='lat' dir='ltr'><strong>hoc</strong></span> <span class='ocrx_word' id='word_1_365' title='bbox 1825 4456 1909 4523; x_wconf 90' lang='lat' dir='ltr'><strong>enim</strong></span> 
     </span>
     <span class='ocr_line' id='line_1_36' title="bbox 364 4554 1909 4644; baseline 0.004 -23"><span class='ocrx_word' id='word_1_366' title='bbox 364 4554 498 4639; x_wconf 87' lang='lat' dir='ltr'><strong>amplius</strong></span> <span class='ocrx_word' id='word_1_367' title='bbox 519 4560 557 4621; x_wconf 86' lang='lat' dir='ltr'><strong>at</strong></span> <span class='ocrx_word' id='word_1_368' title='bbox 577 4555 752 4640; x_wconf 81' lang='lat' dir='ltr'><strong>exigamus,</strong></span> <span class='ocrx_word' id='word_1_369' title='bbox 774 4557 892 4624; x_wconf 90' lang='lat' dir='ltr'><strong>malum</strong></span> <span class='ocrx_word' id='word_1_370' title='bbox 913 4576 984 4640; x_wconf 88' lang='lat' dir='ltr'><strong>nos,</strong></span> <span class='ocrx_word' id='word_1_371' title='bbox 1012 4557 1066 4625; x_wconf 92' lang='lat' dir='ltr'><strong>illo</strong></span> <span class='ocrx_word' id='word_1_372' title='bbox 1091 4559 1295 4644; x_wconf 87' lang='lat' dir='ltr'><strong>permittente</strong></span> <span class='ocrx_word' id='word_1_373' title='bbox 1313 4558 1482 4642; x_wconf 85' lang='lat' dir='ltr'><strong>compellit</strong></span> <span class='ocrx_word' id='word_1_374' title='bbox 1511 4557 1624 4625; x_wconf 86' lang='lat' dir='ltr'><strong>Nonne</strong></span> <span class='ocrx_word' id='word_1_375' title='bbox 1649 4558 1769 4626; x_wconf 92' lang='lat' dir='ltr'><strong>malum</strong></span> <span class='ocrx_word' id='word_1_376' title='bbox 1793 4563 1843 4626; x_wconf 82' lang='lat' dir='ltr'><strong>est</strong></span> <span class='ocrx_word' id='word_1_377' title='bbox 1867 4559 1909 4627; x_wconf 89' lang='lat' dir='ltr'><strong>ab</strong></span> 
     </span>
     <span class='ocr_line' id='line_1_37' title="bbox 364 4655 1910 4745; baseline 0.004 -21"><span class='ocrx_word' id='word_1_378' title='bbox 364 4655 504 4725; x_wconf 77' lang='lat' dir='ltr'><strong>Ecclesie</strong></span> <span class='ocrx_word' id='word_1_379' title='bbox 529 4658 665 4741; x_wconf 88' lang='lat' dir='ltr'><strong>unitate,</strong></span> <span class='ocrx_word' id='word_1_380' title='bbox 688 4679 709 4727; x_wconf 93' lang='lat' dir='ltr'><strong>a</strong></span> <span class='ocrx_word' id='word_1_381' title='bbox 730 4658 820 4726; x_wconf 84' lang='lat' dir='ltr'><strong>Sedis</strong></span> <span class='ocrx_word' id='word_1_382' title='bbox 845 4660 1017 4745; x_wconf 87' lang='lat' dir='ltr'><strong>apostalice</strong></span> <span class='ocrx_word' id='word_1_383' title='bbox 1038 4661 1217 4728; x_wconf 89' lang='lat' dir='ltr'><strong>obedientia</strong></span> <span class='ocrx_word' id='word_1_384' title='bbox 1237 4660 1379 4727; x_wconf 81' lang='lat' dir='ltr'><strong>resilire?</strong></span> <span class='ocrx_word' id='word_1_385' title='bbox 1421 4660 1534 4729; x_wconf 86' lang='lat' dir='ltr'><strong>Nonne</strong></span> <span class='ocrx_word' id='word_1_386' title='bbox 1565 4660 1684 4729; x_wconf 88' lang='lat' dir='ltr'><strong>malum</strong></span> <span class='ocrx_word' id='word_1_387' title='bbox 1715 4666 1766 4729; x_wconf 89' lang='lat' dir='ltr'><strong>est</strong></span> <span class='ocrx_word' id='word_1_388' title='bbox 1798 4668 1910 4731; x_wconf 91' lang='lat' dir='ltr'><strong>contra</strong></span> 
     </span>
     <span class='ocr_line' id='line_1_38' title="bbox 364 4763 1908 4849; baseline 0.003 -22"><span class='ocrx_word' id='word_1_389' title='bbox 364 4777 525 4828; x_wconf 83' lang='lat' dir='ltr'><strong>sacrorum</strong></span> <span class='ocrx_word' id='word_1_390' title='bbox 546 4778 701 4828; x_wconf 77' lang='grc' dir='ltr'><strong>ειιιοιιιιιιι</strong></span> <span class='ocrx_word' id='word_1_391' title='bbox 714 4767 839 4830; x_wconf 89' lang='lat' dir='ltr'><strong>statuta</strong></span> <span class='ocrx_word' id='word_1_392' title='bbox 859 4765 1082 4848; x_wconf 84' lang='lat' dir='ltr'><strong>prorumpere?</strong></span> <span class='ocrx_word' id='word_1_393' title='bbox 1125 4764 1226 4844; x_wconf 91' lang='lat' dir='ltr'><strong>Quam</strong></span> <span class='ocrx_word' id='word_1_394' title='bbox 1247 4763 1340 4831; x_wconf 90' lang='lat' dir='ltr'><strong>multi</strong></span> <span class='ocrx_word' id='word_1_395' title='bbox 1362 4763 1432 4847; x_wconf 90' lang='lat' dir='ltr'><strong>hoc,</strong></span> <span class='ocrx_word' id='word_1_396' title='bbox 1454 4765 1551 4832; x_wconf 87' lang='lat' dir='ltr'><strong>etiam</strong></span> <span class='ocrx_word' id='word_1_397' title='bbox 1572 4770 1647 4849; x_wconf 91' lang='lat' dir='ltr'><strong>post</strong></span> <span class='ocrx_word' id='word_1_398' title='bbox 1667 4771 1908 4849; x_wconf 87' lang='lat' dir='ltr'><strong>sacramentnm,</strong></span> 
     </span>
     <span class='ocr_line' id='line_1_39' title="bbox 363 4863 1908 4951; baseline 0.004 -21"><span class='ocrx_word' id='word_1_399' title='bbox 363 4864 644 4949; x_wconf 79' lang='lat' dir='ltr'><strong>presumpserunt?</strong></span> <span class='ocrx_word' id='word_1_400' title='bbox 701 4863 813 4932; x_wconf 86' lang='lat' dir='ltr'><strong>Nonne</strong></span> <span class='ocrx_word' id='word_1_401' title='bbox 845 4865 1046 4951; x_wconf 88' lang='lat' dir='ltr'><strong>predecessor</strong></span> <span class='ocrx_word' id='word_1_402' title='bbox 1078 4871 1152 4933; x_wconf 88' lang='lat' dir='ltr'><strong>tuus</strong></span> <span class='ocrx_word' id='word_1_403' title='bbox 1183 4873 1292 4951; x_wconf 88' lang='lat' dir='ltr'><strong>preter</strong></span> <span class='ocrx_word' id='word_1_404' title='bbox 1322 4866 1456 4934; x_wconf 87' lang='lat' dir='ltr'><strong>Romani</strong></span> <span class='ocrx_word' id='word_1_405' title='bbox 1491 4866 1650 4951; x_wconf 89' lang='lat' dir='ltr'><strong>pontificis</strong></span> <span class='ocrx_word' id='word_1_406' title='bbox 1687 4869 1908 4936; x_wconf 89' lang='lat' dir='ltr'><strong>conscientiam</strong></span> 
     </span>
     <span class='ocr_line' id='line_1_40' title="bbox 363 4965 1910 5056; baseline 0.002 -20"><span class='ocrx_word' id='word_1_407' title='bbox 363 4965 526 5036; x_wconf 84' lang='lat' dir='ltr'><strong>damnavit</strong></span> <span class='ocrx_word' id='word_1_408' title='bbox 543 4969 743 5052; x_wconf 87' lang='lat' dir='ltr'><strong>episcopum?</strong></span> <span class='ocrx_word' id='word_1_409' title='bbox 786 4969 904 5049; x_wconf 85' lang='lat' dir='ltr'><strong>Quibus</strong></span> <span class='ocrx_word' id='word_1_410' title='bbox 926 4969 986 5036; x_wconf 92' lang='lat' dir='ltr'><strong>hoc</strong></span> <span class='ocrx_word' id='word_1_411' title='bbox 1008 4971 1193 5052; x_wconf 90' lang='lat' dir='ltr'><strong>canonibus,</strong></span> <span class='ocrx_word' id='word_1_412' title='bbox 1223 4970 1336 5056; x_wconf 90' lang='lat' dir='ltr'><strong>quibus</strong></span> <span class='ocrx_word' id='word_1_413' title='bbox 1364 4968 1512 5037; x_wconf 85' lang='lat' dir='ltr'><strong>conciliis</strong></span> <span class='ocrx_word' id='word_1_414' title='bbox 1537 4970 1655 5054; x_wconf 78' lang='lat' dir='ltr'><strong>legitur</strong></span> <span class='ocrx_word' id='word_1_415' title='bbox 1679 4989 1748 5038; x_wconf 90' lang='lat' dir='ltr'><strong>esse</strong></span> <span class='ocrx_word' id='word_1_416' title='bbox 1779 4971 1910 5056; x_wconf 89' lang='lat' dir='ltr'><strong>permis·</strong></span> 
     </span>
     <span class='ocr_line' id='line_1_41' title="bbox 363 5067 1911 5159; baseline 0.003 -21"><span class='ocrx_word' id='word_1_417' title='bbox 363 5070 455 5138; x_wconf 80' lang='lat' dir='ltr'><strong>sum?</strong></span> <span class='ocrx_word' id='word_1_418' title='bbox 498 5067 578 5150; x_wconf 85' lang='lat' dir='ltr'><strong>Quid</strong></span> <span class='ocrx_word' id='word_1_419' title='bbox 599 5090 695 5157; x_wconf 88' lang='lat' dir='ltr'><strong>super</strong></span> <span class='ocrx_word' id='word_1_420' title='bbox 714 5070 930 5156; x_wconf 88' lang='lat' dir='ltr'><strong>episcoporum</strong></span> <span class='ocrx_word' id='word_1_421' title='bbox 953 5073 1213 5140; x_wconf 88' lang='lat' dir='ltr'><strong>translationibus</strong></span> <span class='ocrx_word' id='word_1_422' title='bbox 1234 5075 1357 5159; x_wconf 88' lang='lat' dir='ltr'><strong>loquar,</strong></span> <span class='ocrx_word' id='word_1_423' title='bbox 1380 5092 1441 5159; x_wconf 91' lang='lat' dir='ltr'><strong>quc</strong></span> <span class='ocrx_word' id='word_1_424' title='bbox 1462 5072 1547 5157; x_wconf 94' lang='lat' dir='ltr'><strong>apud</strong></span> <span class='ocrx_word' id='word_1_425' title='bbox 1561 5092 1616 5139; x_wconf 88' lang='lat' dir='ltr'><strong>vos</strong></span> <span class='ocrx_word' id='word_1_426' title='bbox 1635 5092 1698 5140; x_wconf 91' lang='lat' dir='ltr'><strong>non</strong></span> <span class='ocrx_word' id='word_1_427' title='bbox 1720 5074 1911 5143; x_wconf 83' lang='lat' dir='ltr'><strong>auctoritate</strong></span> 
     </span>
     <span class='ocr_line' id='line_1_42' title="bbox 364 5170 1910 5260; baseline 0.005 -23"><span class='ocrx_word' id='word_1_428' title='bbox 364 5170 548 5257; x_wconf 84' lang='lat' dir='ltr'><strong>apostoliea,</strong></span> <span class='ocrx_word' id='word_1_429' title='bbox 570 5171 625 5239; x_wconf 90' lang='lat' dir='ltr'><strong>sed</strong></span> <span class='ocrx_word' id='word_1_430' title='bbox 644 5179 725 5239; x_wconf 89' lang='lat' dir='ltr'><strong>nutu</strong></span> <span class='ocrx_word' id='word_1_431' title='bbox 746 5173 828 5255; x_wconf 68' lang='lat' dir='ltr'><strong>rogis</strong></span> <span class='ocrx_word' id='word_1_432' title='bbox 850 5175 1092 5258; x_wconf 80' lang='lat' dir='ltr'><strong>presumuntur?</strong></span> <span class='ocrx_word' id='word_1_433' title='bbox 1138 5175 1272 5260; x_wconf 83' lang='lat' dir='ltr'><strong>Propter</strong></span> <span class='ocrx_word' id='word_1_434' title='bbox 1292 5176 1351 5243; x_wconf 90' lang='lat' dir='ltr'><strong>hcc</strong></span> <span class='ocrx_word' id='word_1_435' title='bbox 1371 5175 1457 5243; x_wconf 86' lang='lat' dir='ltr'><strong>mala</strong></span> <span class='ocrx_word' id='word_1_436' title='bbox 1482 5182 1516 5242; x_wconf 93' lang='lat' dir='ltr'><strong>et</strong></span> <span class='ocrx_word' id='word_1_437' title='bbox 1540 5174 1606 5243; x_wconf 89' lang='lat' dir='ltr'><strong>alia</strong></span> <span class='ocrx_word' id='word_1_438' title='bbox 1633 5176 1782 5245; x_wconf 82' lang='lat' dir='ltr'><strong>evitanda</strong></span> <span class='ocrx_word' id='word_1_439' title='bbox 1802 5177 1910 5245; x_wconf 88' lang='lat' dir='ltr'><strong>buius·</strong></span> 
     </span>
     <span class='ocr_line' id='line_1_43' title="bbox 365 5273 1910 5364; baseline 0.005 -24"><span class='ocrx_word' id='word_1_440' title='bbox 365 5273 449 5341; x_wconf 78' lang='lat' dir='ltr'><strong>muli</strong></span> <span class='ocrx_word' id='word_1_441' title='bbox 471 5274 680 5342; x_wconf 89' lang='lat' dir='ltr'><strong>iuramentum</strong></span> <span class='ocrx_word' id='word_1_442' title='bbox 702 5276 848 5356; x_wconf 70' lang='lat' dir='ltr'><strong>crinitur.</strong></span> <span class='ocrx_word' id='word_1_443' title='bbox 894 5275 1086 5344; x_wconf 76' lang='lat' dir='ltr'><strong>(iurantem</strong></span> <span class='ocrx_word' id='word_1_444' title='bbox 1108 5278 1319 5346; x_wconf 89' lang='lat' dir='ltr'><strong>iuramentum</strong></span> <span class='ocrx_word' id='word_1_445' title='bbox 1340 5278 1494 5345; x_wconf 91' lang='lat' dir='ltr'><strong>Dominus</strong></span> <span class='ocrx_word' id='word_1_446' title='bbox 1516 5278 1721 5362; x_wconf 84' lang='lat' dir='ltr'><strong>prohibuerit,</strong></span> <span class='ocrx_word' id='word_1_447' title='bbox 1748 5281 1910 5364; x_wconf 85' lang='lat' dir='ltr'><strong>apostolus</strong></span> 
     </span>
     <span class='ocr_line' id='line_1_44' title="bbox 366 5375 1912 5468; baseline 0.003 -22"><span class='ocrx_word' id='word_1_448' title='bbox 366 5375 498 5446; x_wconf 81' lang='lat' dir='ltr'><strong>Iambus</strong></span> <span class='ocrx_word' id='word_1_449' title='bbox 519 5377 685 5447; x_wconf 85' lang='lat' dir='ltr'><strong>nmrriieste</strong></span> <span class='ocrx_word' id='word_1_450' title='bbox 707 5379 857 5448; x_wconf 89' lang='lat' dir='ltr'><strong>adiicicns</strong></span> <span class='ocrx_word' id='word_1_451' title='bbox 875 5380 980 5448; x_wconf 88' lang='lat' dir='ltr'><strong>docet:</strong></span> <span class='ocrx_word' id='word_1_452' title='bbox 1004 5380 1051 5449; x_wconf 92' lang='lat' dir='ltr'><strong>Ut</strong></span> <span class='ocrx_word' id='word_1_453' title='bbox 1072 5400 1135 5448; x_wconf 94' lang='lat' dir='ltr'><strong>non</strong></span> <span class='ocrx_word' id='word_1_454' title='bbox 1156 5380 1215 5449; x_wconf 88' lang='lat' dir='ltr'><strong>sub</strong></span> <span class='ocrx_word' id='word_1_455' title='bbox 1238 5381 1387 5448; x_wconf 91' lang='lat' dir='ltr'><strong>iudicium</strong></span> <span class='ocrx_word' id='word_1_456' title='bbox 1408 5380 1565 5463; x_wconf 88' lang='lat' dir='ltr'><strong>incidatis,</strong></span> <span class='ocrx_word' id='word_1_457' title='bbox 1584 5401 1623 5449; x_wconf 92' lang='lat' dir='ltr'><strong>nc</strong></span> <span class='ocrx_word' id='word_1_458' title='bbox 1637 5382 1814 5468; x_wconf 86' lang='lat' dir='ltr'><strong>quisquam,</strong></span> <span class='ocrx_word' id='word_1_459' title='bbox 1828 5384 1912 5451; x_wconf 90' lang='lat' dir='ltr'><strong>sieut</strong></span> 
     </span>
    </p>
   </div>
   <div class='ocr_carea' id='block_1_8' title="bbox 0 0 2255 6224">
    <p class='ocr_par' dir='ltr' id='par_1_9' title="bbox 0 0 2255 6224">
     <span class='ocr_line' id='line_1_45' title="bbox 0 0 2255 6224; baseline 0 0"><span class='ocrx_word' id='word_1_460' title='bbox 0 0 2255 6224; x_wconf 95' lang='lat' dir='ltr'><strong> </strong></span> 
     </span>
    </p>
   </div>
  </div>
 </body>
</html>
