4574 6240
1954 346 2004 422 ss
2140 396 2154 409 ,

460 566 517 632 nus
537 569 611 623 roro
629 548 777 619 alanum
799 534 847 618 vel
868 549 1084 630 ecclesiarum,
1103 548 1169 617 sire
1190 568 1249 634 pro
1270 550 1349 618 Olco
1369 569 1459 618 sacro
1481 548 1532 618 vel
1552 548 1693 634 quolibet
1714 548 1926 617 ecclesiastico
1948 545 2005 615 Sa-

461 662 629 736 cramenta,
665 653 771 720 nullus
804 651 933 720 arabis
952 651 1011 719 sub
1031 651 1156 719 obiectu
1177 654 1413 720 consuetudinis
1431 653 1481 720 vel
1503 653 1566 720 alio
1588 652 1681 719 modo
1701 652 1868 736 quicquam
1889 650 2006 718 audeat
2142 639 2165 649 ‘⁶

460 772 659 846 extorqucrm
681 755 805 822 sedlrec
822 756 929 822 omnia
941 755 1041 838 gratis
1054 754 1143 821 vobis
1162 756 1325 840 episcopus
1347 756 1533 824 diocesanos
1553 753 1722 838 impondat.
1744 753 1893 837 Alioquin
1912 752 2007 821 liceat

460 866 545 938 robis
566 877 782 947 quemcunque
800 857 976 924 malueritis
998 857 1187 925 catholicum
1208 859 1296 925 mliro
1328 859 1504 925 airdstitem
1536 858 1672 942 gratiam
1703 861 1737 922 et
1757 856 2006 924 communionem

460 964 629 1057 apostolice
650 961 740 1028 Sedis
762 960 944 1042 habentem,
974 954 1042 1050 qui¹
1057 967 1169 1027 nostra
1189 959 1289 1028 fretus
1310 962 1503 1030 auctoritate
1521 960 1609 1027 vobis
1637 958 1722 1042 quod
1744 958 1924 1042 postulatur
1948 958 2005 1025 im·

461 1069 584 1162 pendut
606 1064 695 1145 Quod
718 1065 745 1130 si
766 1064 856 1131 sedes
878 1063 1035 1130 diocesani
1057 1063 1195 1147 episcopi
1217 1062 1299 1131 torte
1320 1064 1494 1144 vacaverit,
1516 1063 1643 1130 interim
1665 1062 1770 1128 omnia
1791 1061 2005 1129 ecclesiastica

461 1175 662 1245 sacamenta
689 1184 710 1233 a
731 1166 842 1234 vicinis
863 1165 1018 1250 episcopis
1038 1166 1179 1249 accipere
1200 1166 1298 1233 libere
1319 1174 1354 1234 ot
1371 1167 1490 1251 absque
1512 1165 1759 1235 contradictione
1780 1164 1924 1248 possitis;
1959 1165 2006 1233 sic

461 1286 574 1355 umen,
596 1277 634 1339 ut
654 1289 693 1338 ex
710 1269 770 1336 hoc
791 1269 996 1353 imposterum
1017 1268 1153 1352 propriis
1176 1268 1330 1352 episcopis
1351 1270 1473 1336 nullum
1495 1268 1700 1353 preludicium
1721 1273 1898 1350 generetur.
1926 1266 2007 1347 Quia

460 1397 532 1448 vcro
552 1371 710 1442 interdum
732 1372 930 1455 propriorum
952 1371 1167 1455 episcoporum
1189 1372 1311 1456 copiam
1332 1390 1395 1437 non
1417 1371 1551 1454 habetis,
1573 1372 1708 1456 siquem
1730 1371 1920 1454 episcopum,
1943 1368 2006 1435 Ro·

460 1496 549 1549 mane
569 1472 660 1542 Sedis
677 1478 715 1539 ut
736 1472 872 1538 dirinius
892 1473 1028 1556 gratiam
1048 1479 1082 1539 et
1103 1475 1353 1540 communionem
1376 1474 1541 1541 habentem
1571 1480 1606 1541 ct
1630 1472 1670 1538 de
1692 1489 1754 1556 quo
1775 1471 1902 1555 plenam
1922 1470 2006 1538 noti·

415 1599 418 1607 ’
461 1582 536 1650 tiam
553 1575 713 1657 babeatis,
749 1593 807 1659 per
827 1591 884 1640 vos
906 1573 1041 1640 transire
1062 1574 1245 1657 contigerit,
1267 1574 1308 1642 ab
1328 1595 1366 1644 co
1387 1576 1617 1643 benedictiones
1637 1592 1784 1641 vasorum
1806 1580 1840 1642 et
1860 1574 2006 1656 vestium,

460 1678 707 1760 consecrationes
728 1676 897 1758 altarium,
930 1675 1143 1743 ordinationes
1169 1677 1394 1745 monachorum
1415 1678 1606 1745 auctoritate
1627 1677 1799 1762 apostolice
1817 1675 1906 1743 Sedis
1927 1675 2007 1744 reci·

460 1802 532 1872 pare
551 1780 693 1848 valeatis.
715 1779 825 1860 Porro,
846 1778 874 1844 si
893 1778 1031 1863 episcopi
1048 1779 1099 1846 rel
1118 1780 1173 1847 alii
1193 1781 1395 1848 eeclesiarum
1412 1788 1551 1850 rectores
1572 1781 1606 1847 in
1626 1780 1851 1848 monasterium
1865 1785 2007 1847 vestrum

459 1885 507 1956 rel
526 1901 677 1969 personas
695 1879 773 1948 inibi
792 1881 982 1948 mustitutas
997 1883 1219 1966 suspensionis,
1241 1884 1569 1953 excommunicationis
1582 1883 1632 1950 vel
1642 1881 1804 1950 interdicti
1815 1883 2006 1950 molentium
2037 1913 2041 1922 ·

459 1984 741 2074 promulgaverint,
775 1982 841 2051 sire
866 1984 964 2052 ctiam
990 1984 1024 2051 iu
1052 1987 1284 2052 mercennarios
1312 1993 1435 2053 vestros
1452 2003 1510 2070 pro
1532 2004 1569 2053 eo
1591 1986 1675 2071 quod
1696 1984 1834 2053 decimas
1855 1985 1938 2052 sicut
1959 1985 2007 2052 di·
2094 2019 2095 2022 ¹

460 2097 544 2160 ctum
562 2093 696 2157 estnon
716 2086 911 2172 persolvitis,
946 2087 1013 2154 sive
1031 2087 1140 2172 aliqua
1167 2089 1332 2156 occasione
1351 2106 1459 2155 eorum
1479 2106 1541 2171 que
1560 2087 1602 2155 ab
1623 2088 1795 2172 apostolica
1814 2086 2008 2170 benignitate

458 2192 544 2261 robis
564 2189 690 2258 indulta
710 2198 800 2271 sunt,
836 2206 894 2255 seu
921 2187 1135 2257 benefactores
1156 2197 1278 2257 vestros
1300 2208 1358 2274 pru
1377 2208 1415 2256 eo
1437 2190 1521 2274 quod
1543 2190 1650 2275 aliqua
1669 2189 1757 2257 vobis
1778 2188 1929 2256 beuelicia
1956 2187 2007 2256 vel

459 2293 606 2378 obsequia
627 2310 666 2360 ex
687 2291 822 2359 caritme
843 2291 1049 2375 prostiterint,
1071 2291 1121 2360 vel
1140 2291 1181 2358 ad
1202 2291 1408 2359 laborandum
1428 2292 1607 2359 adiuverint
1623 2293 1658 2359 in
1679 2291 1743 2358 illis
1764 2290 1875 2359 diebus
1888 2290 1922 2357 in
1936 2291 2007 2374 qui·

458 2397 516 2466 bus
536 2413 593 2463 ros
613 2393 765 2461 labmatis
786 2393 896 2461 etalii
917 2392 1084 2475 feriantur,
1124 2394 1257 2463 eandam
1279 2394 1469 2463 mutantium
1492 2394 1696 2479 protulerint:
1730 2394 1832 2478 ipsam
1855 2399 2007 2477 tanquam

459 2504 568 2570 conus
588 2496 679 2564 Sedis
699 2495 872 2580 apostolice
893 2496 1016 2564 indulta
1037 2497 1194 2582 prolatam
1215 2497 1362 2565 duximus
1384 2497 1586 2578 irritandamc
1622 2515 1680 2564 nec
1705 2496 1813 2563 littere
1834 2496 1888 2562 ille
1908 2495 2006 2564 tirmi-

459 2605 556 2669 tatem
577 2598 732 2680 babeant,
768 2616 849 2682 quas
875 2598 1000 2667 nomine
1021 2599 1239 2667 (listeruiensis
1261 2600 1389 2668 Ordinis
1421 2605 1456 2667 et
1475 2604 1587 2667 contm
1606 2605 1746 2667 umorem
1764 2598 2007 2683 apostolicorum

458 2701 688 2789 privilegiorum
709 2700 889 2768 constiterit
909 2701 1082 2785 impetrari.
1112 2701 1271 2784 Pneterea,
1294 2720 1366 2771 cum
1387 2719 1551 2770 commune
1571 2701 1774 2769 interdictum
1795 2707 1880 2768 terre
1899 2698 2006 2783 fuerit,

458 2805 552 2874 duest
570 2802 660 2872 vobs
676 2802 898 2871 nichilominus
919 2804 954 2870 in
970 2810 1076 2871 rastro
1096 2807 1298 2887 monasterio,
1320 2804 1455 2873 exclusis
1476 2805 1754 2873 excommunicatis
1768 2809 1803 2872 et
1817 2804 2006 2886 interdictis,
2117 2864 2119 2868 ,

458 2907 563 2975 divina
583 2906 687 2975 officia
708 2905 876 2975 celebrare
897 2905 972 2973 Paci
991 2925 1116 2992 quoqne
1137 2914 1172 2975 et
1193 2908 1419 2993 tranquillitati
1440 2914 1545 2976 vestre
1565 2916 1700 2992 paterna
1720 2907 1925 2991 imposterum
1944 2905 2007 2974 sol·

458 3007 619 3077 dcitudine
640 3008 803 3093 providere
823 3008 964 3076 volentes
981 3010 1173 3077 auctontate
1193 3010 1369 3095 apostolica
1389 3009 1600 3094 prohibemus,
1619 3014 1657 3076 ut
1674 3007 1757 3076 inira
1774 3009 1938 3075 clausuras
1959 3007 2006 3075 lo-

412 3127 414 3133 ·
459 3129 565 3181 eorum
584 3113 854 3197 seugrangiarum
875 3117 1050 3178 vestrarum
1072 3113 1178 3180 nullus
1200 3115 1344 3198 rapinam
1365 3112 1553 3180 souiurtnm
1573 3111 1692 3194 lacera
1713 3111 1819 3195 ignem
1838 3101 2006 3195 apponere,

458 3215 640 3300 scngdnem
661 3213 806 3295 tundere,
842 3213 1000 3281 bominem
1021 3219 1139 3283 temere
1177 3233 1290 3299 capere
1318 3215 1369 3283 rel
1389 3213 1579 3288 interficere,
1612 3232 1669 3282 seu
1689 3213 1870 3280 violentiam
1891 3212 2008 3280 audeat

458 3313 610 3385 exmcere
646 3315 796 3385 Preterca
817 3335 925 3385 omnes
946 3317 1109 3385 libertates
1130 3325 1165 3386 et
1184 3318 1400 3386 immunitates
1421 3337 1442 3385 a
1462 3316 1735 3403 predecessoribus
1752 3314 2008 3383 nostrisitonia·

458 3418 506 3486 nis
526 3418 727 3505 pontificibus
743 3418 853 3486 Ordini
872 3425 977 3487 vestro
995 3439 1169 3502 merassas,
1190 3440 1249 3488 uec
1270 3440 1333 3489 non
1355 3420 1520 3488 libertates
1542 3427 1576 3488 et
1588 3421 1802 3505 exemptiones
1817 3417 2008 3487 secularium

367 3529 368 3532 ’
395 3530 402 3535 ’
458 3522 654 3591 munuum
690 3543 711 3591 a
742 3522 868 3607 regibus
889 3528 924 3590 et
944 3523 1138 3609 principibus
1165 3524 1215 3591 vel
1237 3524 1309 3592 aliis
1330 3522 1475 3592 fidelibus
1496 3522 1728 3593 rationabiliter
1748 3521 1837 3590 vobis
1857 3520 2007 3601 indultas,

401 3625 405 3632 “
458 3626 647 3694 anctoritate
667 3626 841 3711 apostolica
859 3625 1077 3694 confirmamus
1099 3634 1134 3695 et
1153 3627 1309 3712 presentis
1330 3627 1441 3711 scripti
1458 3626 1621 3711 privilagio
1633 3625 1870 3693 communimus.
1893 3622 2007 3691 Decer-

459 3725 560 3794 niruus
580 3746 684 3812 ergo,
707 3734 745 3794 ut
766 3728 845 3795 nulli
867 3728 994 3795 omuino
1014 3728 1176 3796 bominum
1202 3729 1297 3797 liceat
1317 3727 1474 3813 prefatum
1496 3729 1721 3797 monasterium
1743 3734 1862 3794 temere
1882 3730 2008 3812 pertm·

458 3825 533 3897 bare
552 3836 608 3898 aut
629 3831 696 3897 eius
718 3831 930 3914 possesiones
952 3829 1083 3912 audere,
1105 3830 1155 3897 vel
1176 3830 1301 3899 ablatas
1322 3831 1468 3907 retinere,
1490 3831 1641 3912 minuere,
1663 3848 1720 3898 seu
1741 3828 1935 3915 quibuslibet
1955 3846 2007 3895 ve·

459 3931 636 3999 rationibus
654 3931 803 4018 iutigare;
825 3932 882 4000 scd
903 3933 1009 4001 omnia
1029 3933 1154 4016 integra
1174 3939 1407 4015 conserventur,
1429 3950 1538 4000 eorum
1558 3952 1616 4018 pro
1632 3951 1766 4018 quorum
1779 3932 2008 4016 gubernatione

459 4050 495 4100 uc
516 4036 747 4103 sustentatione
772 4053 921 4103 concam
949 4042 1025 4103 srmt
1054 4035 1164 4103 nabas
1186 4035 1373 4104 omnmodis
1394 4034 1578 4120 protutura3
1613 4037 1702 4104 salva
1723 4035 1813 4104 Sedis
1834 4035 2030 4121 aposmnoc

458 4139 655 4206 auctoritate.
693 4137 728 4205 Si
750 4156 814 4222 qua
834 4139 934 4224 igitur
955 4139 989 4206 in
1010 4138 1386 4208 luturumecclesiastica
1406 4139 1595 4207 secularisve
1615 4156 1764 4223 persona,
1796 4139 1878 4205 banc
1898 4143 2008 4204 nostre

363 4285 368 4293 ·
458 4241 692 4307 constitutionis
710 4241 858 4326 paginam
879 4243 996 4322 sciens,
1019 4248 1130 4309 contra
1148 4261 1218 4309 eam
1233 4247 1350 4308 temere
1365 4241 1472 4309 renim
1487 4243 1699 4326 temptaverit,
1721 4241 1857 4309 secundo
1873 4240 2008 4306 tertiove

458 4346 660 4427 commonita,
682 4346 744 4412 nisi
763 4351 886 4412 reatuin
908 4364 1000 4412 suum
1022 4343 1397 4439 congruasatisiactione
1419 4345 1603 4424 correxerit,
1626 4344 1795 4428 potestatis
1817 4342 2009 4426 honorisque

458 4445 506 4510 sui
527 4445 682 4532 (lignitate
703 4454 825 4529 cureat,
848 4467 935 4515 mum
958 4466 992 4514 se
1012 4447 1118 4513 divino
1141 4443 1257 4513 iudicio
1278 4447 1413 4513 existere
1434 4444 1474 4512 de
1495 4452 1679 4530 perpetrata
1700 4446 1869 4538 iniquitate
1894 4461 2008 4540 cogno·

458 4553 535 4629 ucat,
553 4557 587 4617 et
608 4569 628 4617 a
649 4550 861 4617 sacratissimo
884 4550 1022 4634 Corpore
1043 4568 1081 4616 ae
1103 4549 1262 4633 Sanguine
1284 4547 1344 4614 Dei
1366 4554 1399 4613 et
1420 4547 1548 4614 Donuini
1570 4548 1777 4633 ralemptoris
1798 4537 1901 4614 nostri
1912 4547 2008 4613 ihesu

459 4645 576 4717 dlrristi
594 4652 699 4720 adana
720 4653 787 4734 iiat,
808 4659 906 4737 atqua
927 4654 960 4719 in
983 4658 1123 4720 esuemo
1143 4653 1285 4720 examine
1305 4651 1450 4718 districte
1470 4651 1631 4719 subiaceat
1649 4652 1773 4719 ultioni.
1797 4649 1929 4719 Cunctis
1948 4668 2006 4716 au·

459 4754 521 4819 tem
543 4754 644 4822 eidem
665 4756 735 4822 loco
756 4774 816 4823 sua
837 4756 908 4823 iura
928 4756 1127 4824 servantibus
1148 4757 1192 4822 sit
1213 4774 1275 4841 pax
1296 4754 1425 4821 Domini
1447 4754 1548 4820 nostri
1570 4752 1664 4821 lhesu
1686 4752 1824 4836 Christi,
1858 4753 2009 4838 quatinus

458 4854 562 4924 ethic
582 4856 719 4926 fructum
741 4857 822 4926 bone
844 4859 977 4926 actionis
999 4858 1189 4944 percipiunt,
1226 4864 1260 4925 et
1292 4857 1376 4942 apud
1398 4856 1578 4924 districtum
1605 4857 1738 4925 iudicem
1760 4857 1881 4941 premia
1901 4861 2010 4923 eterne

458 4957 543 5038 uasis
564 4960 733 5030 inveniant
755 4964 867 5029 Amen.
890 4963 1002 5030 Anien.
1026 4963 1136 5030 Amen.

559 5061 628 5149 Fgo
649 5064 809 5132 Honorius
831 5064 986 5133 catlrolioe
1006 5065 1147 5133 Ecclesia
1167 5064 1333 5149 episcopos
1354 5081 1396 5131 ss.

559 5165 580 5249 †
609 5168 677 5253 Ego
699 5167 764 5235 Leo
786 5167 873 5234 tituli
894 5174 1001 5236 sancte
1023 5167 1134 5236 Crucis
1164 5168 1198 5234 in
1220 5166 1406 5235 llerusalern
1427 5164 1582 5251 presbiter
1603 5165 1787 5246 candaulis,
1824 5163 1953 5233 interfui
1974 5171 2009 5234 et

458 5261 637 5362 subscripsi.
665 5269 686 5353 †
708 5269 776 5353 Ego
797 5268 911 5337 Petrum
929 5275 1037 5337 sancte
1056 5269 1251 5337 Pmlcutiune
1273 5269 1360 5336 tituli
1379 5267 1520 5336 Pastoris
1541 5267 1643 5354 pnsb.
1666 5268 1750 5336 mul.
1775 5266 1807 5335 ii.
1830 5286 1872 5336 sa
1895 5268 1916 5354 †
1937 5268 2006 5355 Ego
