4574 6240
508 259 692 383 150·

501 465 590 528 terro
611 456 732 538 tollere,
755 458 839 544 qood
861 458 1049 526 omnimodis
1071 458 1212 526 volontas
1234 477 1402 543 prosevere
1422 463 1456 525 et
1474 475 1583 542 prooem
1605 453 1727 524 tirmann
1742 452 1893 537 stabilire,
1906 442 1952 519 ex'
1959 456 2047 519 utra·

502 580 564 647 quo
577 566 669 645 parte
683 560 747 628 tulo
766 562 952 647 promissum
978 563 1152 646 recepimus
1165 563 1206 628 ad
1227 569 1378 646 pronatae
1396 563 1480 628 inter
1498 563 1584 646 ipsos
1604 562 1692 647 pacis
1713 560 1809 628 robor
1826 567 1861 629 et
1873 561 2049 628 munimen:

500 665 651 747 Primum,
672 665 757 750 quod
778 665 806 733 si
827 666 899 750 quis
920 666 1059 750 ipsorum
1077 683 1209 747 persone
1230 664 1362 730 alterius
1383 670 1440 730 aut
1461 664 1597 731 tiliorum
1618 665 1727 749 ipsias,
1749 665 1791 748 vi,
1813 664 1895 745 dolo,
1918 683 1974 733 seu
1989 664 2047 732 ali·

502 786 566 854 qua
585 773 657 836 orte
677 769 727 834 rel
748 771 869 836 astutia
895 768 1013 835 malam
1045 769 1156 834 mortis
1177 767 1418 851 machinabitur,
1440 773 1498 836 aut
1519 770 1546 835 si
1570 767 1729 853 proliatos
1756 767 1908 835 terruinos
1934 767 2050 834 amieo·
2125 782 2128 789 '

502 869 610 938 biliter
631 872 821 939 constitutos
844 877 1058 954 transgressus
1079 870 1185 951 luerit,
1207 877 1264 936 out
1285 876 1403 938 terram
1424 871 1557 938 alterius
1578 871 1719 937 exercitu
1741 868 1792 936 rel
1805 869 1870 936 olio
1883 869 2051 950 manifesto

500 975 681 1058 gravamine
702 975 898 1060 spoliaverit3
921 975 1007 1055 item,
1030 975 1058 1040 si
1079 973 1206 1056 aliquod
1229 973 1268 1040 de
1289 974 1403 1040 eastris
1423 975 1555 1041 alterius
1576 975 1718 1057 pervim
1741 980 1800 1040 aut
1829 971 1973 1066 fraudem
2001 972 2051 1041 rel

501 1075 635 1144 abemus
667 1077 867 1144 donationem
900 1083 1010 1144 eontra
1041 1076 1173 1143 ulterius
1205 1074 1400 1143 voluntatem
1436 1076 1611 1157 intraverit,
1647 1081 1705 1142 eat
1736 1076 1764 1142 si
1801 1077 1981 1161 quempiam
2012 1077 2052 1143 de

504 1178 673 1248 baronibus
692 1180 825 1247 altadus
849 1186 907 1246 aut
925 1178 1078 1246 militibus
1104 1184 1162 1244 aut
1186 1178 1390 1262 simplicibus,
1413 1181 1468 1262 qui
1495 1179 1598 1247 medio
1627 1186 1769 1262 ternpore
1793 1178 1948 1247 dbeoroio
1968 1180 2052 1263 ipso

501 1301 573 1350 rum
604 1284 719 1351 dueum
751 1284 952 1350 incurrerunt
982 1283 1236 1366 indignationem,
1267 1287 1325 1347 aot
1356 1283 1390 1348 in
1418 1283 1560 1366 personis
1593 1282 1711 1362 leserit,
1743 1287 1801 1348 aut
1826 1283 1972 1366 captione
1996 1299 2053 1348 seu

501 1385 712 1453 mistarum
744 1385 898 1452 iustarum
931 1385 1147 1468 bonommque
1172 1383 1333 1451 mobilium
1362 1381 1522 1451 ablatione
1546 1385 1615 1451 siae
1642 1384 1757 1452 iudicio
1782 1383 1970 1468 paraverit,
1996 1391 2054 1450 out

502 1488 602 1555 iustos
627 1486 819 1555 hereditates
853 1487 1021 1556 heredibus
1054 1506 1117 1554 non
1148 1486 1329 1566 reddiderit,
1363 1485 1421 1552 tali
1459 1487 1539 1571 pen's
1570 1486 1757 1553 subiaeebit:
1790 1487 1938 1571 primurn,
1969 1484 2053 1570 qaod

500 1590 552 1658 ios
582 1588 713 1656 dominii
741 1591 775 1656 in
806 1589 930 1674 pretato
961 1595 1053 1675 parte
1085 1589 1214 1656 Polonie
1247 1607 1318 1654 eum
1350 1607 1410 1655 sua
1441 1589 1475 1655 ia
1507 1595 1695 1673 perpetuam
1727 1589 1888 1656 ammittat
1919 1589 2055 1673 postera

503 1696 586 1775 tate;
620 1693 708 1773 item,
738 1692 1052 1761 exeommunieotioai
1079 1691 1198 1758 domini
1231 1690 1317 1775 Papo
1346 1696 1380 1757 et
1410 1691 1635 1776 arehiepisoopi
1670 1689 1865 1758 Gnerneusis
1899 1691 2054 1758 omniurn·

504 1815 567 1883 que
587 1796 687 1880 ipsius
704 1794 973 1880 suffraganeorum
1000 1796 1170 1878 subiaceat,
1191 1795 1238 1862 ita
1259 1793 1436 1875 dummxat,
1456 1799 1495 1860 ut
1514 1794 1542 1861 si
1563 1794 1619 1890 qui
1637 1792 1677 1861 de
1705 1792 1795 1861 nobis
1820 1813 1842 1862 a
1867 1791 1997 1861 ferenda
2019 1793 2055 1862 in

505 1905 768 1984 transgressorem
789 1898 1119 1967 exeommuniootionis
1139 1898 1298 1966 metentis
1317 1915 1352 1963 se
1373 1897 1587 1965 continuerint
1606 1900 1664 1963 sat
1683 1894 1908 1978 subtraxerint,
1923 1894 2054 1964 nichilo-

504 2006 609 2073 minus
630 2003 733 2089 qoivis
755 2003 894 2086 ipsorum
907 2003 1002 2086 plena
1023 2002 1071 2068 uti
1092 2001 1211 2086 poterit
1224 2004 1392 2085 potestate.
1436 1997 1630 2080 Protesilao,
1652 1999 1680 2065 si
1701 2016 1741 2066 ex
1759 2003 1851 2082 parte
1864 1997 1952 2067 ducis
1967 1997 2053 2067 Hen-

504 2107 564 2175 rlei
585 2125 642 2174 seu
663 2105 721 2172 filii
741 2105 810 2173 eius
832 2105 1039 2188 transgressio
1053 2104 1268 2184 intervenerit
1282 2101 1434 2186 Storgord
1449 2120 1521 2170 eom
1541 2101 1608 2169 suis
1628 2100 1821 2169 uffimdbus
1842 2101 1877 2168 in
1897 2101 1948 2169 ias
1964 2102 2055 2170 eedet

503 2214 538 2277 et
560 2205 732 2275 dominium
757 2206 888 2274 eoolede
910 2205 1149 2286 Poznaniensis;
1181 2205 1231 2271 vel
1257 2205 1286 2270 si
1311 2223 1332 2272 a
1357 2210 1449 2288 parte
1478 2203 1596 2271 domini
1624 2203 1811 2272 Wlodislari
1841 2205 1892 2271 rel
1917 2203 2054 2272 tiliorum

503 2311 572 2378 ooo
594 2316 792 2393 emoneo
813 2307 932 2376 aean
944 2307 1136 2392 sapsam,
1158 2305 1306 2374 nelma
1319 2311 1460 2374 meon
1473 2307 1621 2374 smum
1633 2325 1705 2375 cun
1718 2307 1785 2374 sus
1797 2288 2008 2375 ruadanus
2021 2307 2055 2374 n

503 2413 555 2481 ios
576 2418 610 2480 st
630 2410 802 2479 dominium
824 2410 956 2479 eoelesie
980 2409 1071 2478 oedet
1091 2407 1286 2477 Gueoneasis
1303 2409 1338 2475 in
1358 2412 1556 2492 perpetuom
1586 2409 1753 2477 Adiectum
1773 2415 1824 2477 est
1840 2410 1949 2492 etiam,
1970 2409 2055 2493 qooo

504 2512 698 2583 wladislavo
718 2519 821 2581 restat
841 2517 950 2598 petere
969 2513 1010 2581 de
1031 2519 1118 2580 terra
1134 2513 1358 2580 memoraturi
1379 2512 1701 2600 qaidmloeritper
1726 2513 1863 2597 modom
1893 2519 1953 2581 aut
1973 2513 2055 2580 iudi·

504 2615 599 2700 cium,
619 2616 649 2684 si
669 2615 815 2697 voluerit,
831 2616 965 2683 ermino
979 2613 1067 2682 finali
1081 2615 1254 2682 constituto
1267 2615 1301 2682 in
1316 2616 1459 2700 proximo
1472 2613 1555 2684 testo
1568 2614 1785 2683 Pentsoosten.
1817 2615 2055 2699 Vmumtamea,

504 2717 593 2787 siud
612 2718 764 2786 iudicium
783 2717 923 2785 iudicum
940 2735 1020 2803 quos
1041 2716 1084 2786 ad
1103 2717 1163 2784 boe
1182 2716 1337 2801 elegerint
1357 2723 1542 2801 perventum
1563 2718 1671 2800 luent,
1692 2719 1820 2804 utrique
1838 2721 1915 2787 tune
1935 2719 2057 2786 maiora

504 2818 633 2906 petendi
654 2819 694 2888 de
713 2821 785 2905 ipsa
803 2819 963 2904 quondam
984 2825 1072 2886 terra
1087 2818 1207 2886 domini
1228 2818 1415 2888 Wlodislani
1431 2822 1483 2888 ius
1496 2827 1531 2889 et
1543 2821 1674 2889 libertos
1686 2821 1876 2904 remanebit3
1897 2827 1956 2890 aut
1968 2827 2056 2890 ater·
2110 2855 2112 2860 ·

501 2941 577 3009 w(pne,
598 2922 627 2990 si
647 2923 748 3007 magis
768 2921 925 3008 placuerit
943 2921 1005 2989 iuri
1019 2921 1153 2989 milonis
1167 2923 1360 3005 mundare,
1382 2929 1498 2992 extunc
1510 2931 1633 3010 partein
1647 2943 1737 2992 suern
1751 2922 1882 3010 paciliee
1895 2923 2057 3009 possideat

505 3024 676 3094 meandum
697 3023 814 3093 betam
836 3031 913 3093 tone
934 3024 1128 3092 diodone.
1157 3023 1316 3108 Preterea,
1337 3033 1414 3095 ante
1434 3028 1521 3113 poeis
1541 3029 1627 3096 inter
1646 3029 1732 3114 ipsos
1752 3027 1984 3112 perdominum
1996 3025 2057 3094 Po·

505 3145 580 3213 paor
600 3126 879 3210 oonbrmationsm,
900 3127 980 3195 nulli
1002 3127 1143 3212 ipsorum
1163 3124 1239 3195 lioet
1257 3128 1386 3196 interim
1406 3128 1535 3214 aliquod
1552 3137 1695 3221 -oestrurn
1716 3130 1757 3198 de
1770 3148 1851 3199 novo
1864 3131 1986 3216 eripere
1999 3134 2058 3198 out

506 3234 689 3298 ooosbuere
708 3230 777 3298 sine
798 3230 930 3298 alterim
951 3228 1131 3311 volontate3
1153 3229 1208 3297 sed
1229 3228 1294 3297 iam
1315 3235 1406 3298 stans
1426 3238 1461 3299 et
1480 3239 1706 3316 oonstraotnm,
1727 3234 1756 3300 si
1776 3232 1902 3302 ruinam
1916 3232 2059 3301 minatur

505 3335 565 3402 aar
583 3332 688 3400 minus
707 3331 791 3401 forte
811 3338 873 3415 est
895 3332 1014 3418 poterit
1036 3331 1213 3400 emendare
1257 3331 1320 3400 Sed
1344 3351 1416 3401 oum
1437 3333 1531 3419 pleno
1551 3336 1640 3420 paois
1664 3333 1770 3403 federe
1793 3342 1832 3403 ut
1858 3335 1980 3404 dietum
2007 3341 2058 3403 est

506 3452 565 3520 per
584 3433 745 3503 dominon
766 3434 886 3520 Papam
905 3433 1116 3517 stabilientur,
1136 3439 1251 3502 extunc
1270 3452 1354 3503 anas
1374 3437 1509 3521 quinae
1527 3436 1562 3504 in
1582 3456 1640 3506 suo
1658 3435 1744 3523 qood
1756 3436 1842 3506 volet
1853 3435 1968 3521 boore,
1989 3438 2058 3505 siue

507 3536 594 3605 omni
614 3536 734 3622 poterit
751 3537 1009 3606 eontradlotione
1152 3570 1155 3574 ·
1199 3568 1202 3572 ⁸
1243 3565 1248 3573 ⁴
1594 3554 1598 3559 ·
1807 3546 1828 3552 ·’

609 3688 741 3758 nunu
763 3689 887 3774 mna
908 3688 1043 3771 amsa
1065 3689 1134 3754 aa
1153 3693 1208 3753 m
1228 3710 1318 3756 sm.
1362 3689 1494 3775 namu
1515 3696 1626 3760 nmio.
1656 3691 1772 3775 uene,
1797 3692 1906 3774 mim.
1935 3641 2058 3762 cnm-

507 3789 606 3875 oborr,
621 3795 807 3859 'ommam
852 3790 963 3873 Velen,
992 3790 1115 3857 Wieleri.
1159 3789 1296 3874 Dreden,
1324 3792 1437 3872 brut,
1454 3793 1583 3876 poinidi
1601 3799 1758 3878 llrpipno,
1783 3795 1851 3861 uzi}
1867 3799 2058 3877 tradate,

507 3897 755 3961 usmeta
772 3898 909 3961 ὒήιεαι
954 3893 1055 3977 Srem,
1079 3877 1176 3960 siren.
1221 3892 1384 3979 Stemma,
1405 3897 1586 3980 Storpprdd.
1623 3897 1782 3982 Hostrorr,
1811 3898 1934 3977 θανόν,
1952 3901 2059 3965 med

508 4015 551 4062 no
571 4001 683 4080 »prpe
696 4000 822 4078 jezioro
842 3999 990 4080 Ledeia,
1012 4017 1030 4061 z
1051 3993 1182 4077 tidem·
1195 3998 1263 4062 otii
1282 4003 1382 4080 rutam.

1096 4293 1110 4319 ⁰
1181 4293 1254 4380 Nr.
1289 4287 1386 4380 174.

614 4489 848 4574 wladislaus
873 4489 980 4572 illias
1008 4488 1144 4571 otonis
1172 4491 1248 4573 lux
1273 4490 1423 4575 Polonie
1449 4496 1583 4573 1234
1600 4514 1629 4575 s
1648 4492 1683 4575 tl
1701 4491 1744 4573 in
1769 4491 2060 4594 dehonoretur
2209 4575 2216 4595 ,

507 4615 658 4686 eeclesiae
680 4611 858 4681 Gneznensi
879 4608 1090 4694 amplissimas
1112 4608 1275 4680 libertates
1294 4618 1327 4680 et
1347 4612 1521 4698 privilegia

613 4722 754 4797 Perpom.
777 4721 894 4796 orppin.
939 4717 986 4778 ll'o
1004 4733 1135 4777 sarturae
1148 4718 1341 4796 Jedmabmpm
1359 4717 1473 4798 idlrpm
1494 4722 1718 4799 przpmieszono
1735 4713 1860 4802 pireaeo
1879 4716 1993 4781 beaw
2007 4735 2060 4780 zo·

509 4833 593 4890 torto
621 4823 830 4902 Wtodprroeo
850 4819 973 4904 Romaiu.
1002 4830 1148 4900 (pleezee
1167 4827 1242 4888 Vll.)
2031 4812 2035 4820 '

620 4926 761 4988 Gniezrto.
806 4926 924 4988 Arellio.
953 4927 1084 5002 Capituli
1107 4926 1262 5003 Metropol.
1290 4926 1403 4988 Cburto
1421 4942 1482 4986 iton
1504 4927 1637 5002 riprmto.

614 5077 652 5145 In
673 5077 800 5144 nomine
822 5083 931 5144 saneto
952 5084 986 5144 et
1007 5075 1167 5144 individue
1185 5077 1351 5145 Trinitatis
1373 5095 1475 5144 amen
1520 5074 1588 5159 Ego
1610 5072 1805 5142 wladislaus
1832 5073 1917 5140 iilius
1942 5072 2062 5140 Odonis

511 5179 571 5248 Dei
592 5180 701 5263 grecis
720 5169 784 5246 dux
806 5177 935 5248 Polonie
958 5187 1023 5247 tam
1046 5179 1245 5264 presentibus
1270 5199 1366 5266 qaam
1396 5178 1512 5245 tutaris
1537 5196 1666 5263 presens
1695 5176 1848 5261 seriptum
1873 5177 2063 5262 inspectus
