4574 6240
443 187 446 191 ’
543 223 618 299 212

539 423 672 508 imperio
693 443 789 510 super
810 425 870 492 hoo
890 443 1060 509 congruam
1079 425 1327 495 satisfactionem
1344 426 1574 511 impenderunt,
1603 425 1735 493 liberum
1757 424 1816 493 tibi
1833 430 1868 494 et
1885 427 2001 500 eidem
2022 439 2080 510 iem

540 526 643 594 tribus
664 527 861 595 concedimus
888 529 1077 596 euomuitnte
1106 530 1298 612 prementium
1327 529 1521 597 facultatem.
1564 527 1685 596 Datum
1715 527 1862 614 Lugduni
1893 528 2001 601 Idibus
2026 541 2082 613 Fe.

539 627 670 712 brunsii,
692 629 895 714 pontifieotus
912 630 1014 699 nosbi
1033 650 1117 699 nuno
1139 632 1244 700 tortio.

1211 928 1286 1015 Nn.
1318 925 1418 1013 251.

645 1120 803 1205 Promisl
828 1122 906 1203 dux
931 1119 1082 1203 Polonio
1107 1127 1241 1206 1246
1266 1123 1355 1227 tpr.
1381 1128 1425 1220 7,
1450 1122 1492 1204 in
1517 1120 1753 1223 Pobodnisou3
1778 1137 2084 1238 eonffitnognms

541 1244 687 1329 episeopo
709 1240 916 1308 Pennaniensi
936 1240 1120 1309 facultatem
1141 1244 1234 1311 villas
1253 1244 1403 1312 eudesius
1425 1243 1524 1326 ipsius
1544 1241 1614 1309 iure
1634 1239 1828 1308 Tbeutonioo
1852 1240 1986 1310 locandi.

646 1342 782 1412 vomet
826 1346 943 1409 Areua
972 1347 1113 1425 Capituli.
1136 1348 1198 1414 so.
1207 1352 1312 1428 mooe
1334 1350 1371 1423 o,
1392 1349 1448 1412 ro.
1471 1346 1545 1411 142.

645 1548 831 1618 innomine
855 1547 982 1615 Domni
1010 1549 1110 1616 nostri
1137 1550 1232 1618 Ilnesu
1265 1550 1385 1619 Christi
1414 1567 1517 1618 amen.
1560 1547 1718 1616 libuerint
1748 1547 1886 1614 universi
1917 1551 2015 1653 quod,
2032 1574 2087 1626 noe

542 1655 676 1726 Premisl
695 1652 757 1721 Ilei
777 1653 882 1738 gratia
902 1652 966 1718 dux
986 1651 1115 1721 Polonie
1135 1652 1218 1721 filius
1238 1654 1396 1739 quondam
1417 1653 1505 1720 duois
1519 1650 1698 1732 Wlndislni,
1712 1650 1753 1717 de
1765 1649 1970 1719 libentium
1984 1664 2088 1736 nostre

542 1758 674 1828 arbitrio
695 1761 730 1824 et
749 1754 791 1824 ob
808 1755 1006 1822 allectionem
1022 1772 1119 1839 qnam
1136 1755 1177 1822 ad
1197 1755 1301 1823 Deum
1315 1756 1466 1823 habemns
1479 1759 1513 1822 et
1525 1755 1626 1837 ipsius
1645 1755 1805 1837 apostolos
1818 1753 1948 1822 beatum
1961 1754 2088 1830 Petrum

543 1867 578 1930 et
597 1859 726 1928 beatum
746 1856 881 1926 Paulum
901 1877 959 1925 neo
979 1876 1043 1925 non
1058 1863 1093 1925 et
1113 1859 1322 1926 venerabilem
1343 1864 1467 1943 patrem
1485 1863 1629 1924 nostrum
1643 1854 1806 1923 dominum
1818 1855 2007 1941 Bogninlum
2026 1865 2088 1947 epi-

543 1980 674 2047 soopum
694 1959 941 2027 Poznaniensem
957 1959 1119 2044 ipsiusque
1142 1960 1317 2043 eoelesism,
1338 1961 1440 2028 eidem
1461 1961 1607 2044 episeopo
1622 1965 1657 2026 et
1669 1958 1901 2026 snooessoribos
1921 1960 1988 2028 suis
2001 1963 2090 2032 villus

543 2065 742 2151 episcopatos
763 2061 862 2146 ipsius
882 2061 952 2129 iure
972 2061 1166 2130 Thentonioo
1189 2062 1312 2131 looandi
1341 2062 1539 2131 oonoedimus
1567 2060 1757 2130 libertatem.
1800 2061 1846 2129 lit
1872 2062 1949 2146 quia
1970 2063 2016 2131 bii
2036 2068 2089 2150 qui

544 2165 668 2254 prefato
688 2164 757 2232 lure
776 2163 931 2246 loonntur,
950 2164 1098 2248 augurius
1118 2169 1153 2232 et
1169 2166 1371 2250 perangerus
1391 2183 1471 2249 ques
1491 2169 1637 2250 prestant
1657 2163 1769 2231 Poloni
1786 2170 1931 2250 prestare
1950 2184 2007 2235 seu
2020 2186 2089 2252 per-

545 2269 666 2338 solvere
685 2266 867 2335 nndntenus
888 2272 1126 2349 consueverunt,
1147 2274 1315 2352 propterea
1331 2266 1487 2334 dictarum
1507 2266 1655 2334 villarum
1673 2284 1869 2351 possessores
1889 2267 1931 2335 sb
1948 2270 2091 2340 omnibns

545 2370 703 2441 Polonieis
724 2368 871 2439 oneribus
892 2386 949 2436 sen
966 2370 1213 2454 prestationibua
1234 2370 1434 2450 absolvimus,
1456 2369 1577 2436 scilieet
1589 2387 1611 2436 a
1624 2387 1734 2454 poros,
1748 2369 1893 2454 przevod,
1907 2372 2090 2455 podiorove,

545 2480 661 2556 mora,
681 2492 789 2555 naras,
808 2478 843 2539 et
863 2470 1014 2549 omnibus.
1026 2471 1098 2539 aliis
1120 2490 1182 2555 que
1202 2471 1387 2541 'l'beutonioi
1407 2471 1511 2540 iaome
1537 2477 1596 2538 aut
1624 2473 1745 2540 solvere
1767 2491 1831 2540 non
1856 2481 2091 2543 oonsuererunt

544 2575 704 2659 Preterea,
725 2574 829 2643 nausis
846 2573 1045 2642 'solummodo
1067 2574 1181 2659 eapitis
1201 2581 1259 2642 ant
1278 2574 1491 2643 membrorum
1511 2581 1622 2642 resno
1643 2580 1770 2643 tanturn
1783 2573 1899 2644 indicio
1913 2578 2091 2661 mertens

544 2678 692 2747 rillnrusn
709 2676 865 2745 dictarum
885 2694 1082 2762 possessores
1100 2677 1167 2744 sive
1187 2676 1415 2746 inhabitatores
1435 2677 1476 2745 nb
1494 2679 1635 2746 omnium
1661 2677 1885 2764 palatinorum,
1907 2678 2093 2748 oastellano
2244 2717 2246 2720 ·

543 2799 626 2861 rum,
643 2798 701 2847 seu
721 2779 856 2847 aliorum
876 2777 1059 2847 inferiorum
1080 2778 1219 2847 iudicum
1239 2780 1355 2848 iuditio
1372 2798 1430 2847 seu
1442 2780 1660 2848 iurisdictione
1672 2781 1707 2847 in
1727 2786 1831 2848 totum
1848 2785 1883 2848 et
1903 2781 1937 2849 in
1950 2780 2093 2849 omnibus

545 2882 745 2964 absolvimus,
766 2881 814 2950 ita
835 2881 919 2967 quod
935 2881 976 2948 de
996 2881 1075 2966 ipsis
1088 2881 1361 2967 oonquerentibus,
1379 2901 1444 2950 non
1460 2882 1540 2950 alins
1556 2888 1725 2950 teneantur
1738 2901 1834 2968 quam
1849 2901 1954 2952 eoram
1967 2884 2092 2951 domino

544 3002 604 3054 suo
623 2984 769 3070 episeopo
790 2983 841 3051 sel
862 2982 996 3051 soolteto
1019 2983 1158 3068 ipsorum
1172 2983 1212 3051 de
1224 2984 1356 3069 singulis
1377 2983 1574 3068 respondere.
1604 2985 1722 3053 Aenum
1747 2986 1781 3052 in
1802 2984 1992 3054 Pobedziaoa
2011 3003 2093 3053 anno

545 3086 673 3155 Domni
693 3083 941 3166 uocum,
963 3083 1026 3152 VII
1046 3085 1123 3153 Idus
1143 3086 1273 3171 Aprilis,
1304 3084 1505 3170 presentibus
1525 3084 1652 3155 domino
1672 3086 1780 3173 Isaya,
1806 3087 1934 3155 domino
1954 3087 2093 3155 Mutine

547 3189 707 3259 monteio
735 3187 989 3269 Gnesnensibus3
1022 3188 1173 3274 Gervigo,
1202 3189 1371 3272 Micbable,
1395 3189 1491 3256 Petro
1513 3179 1684 3275 ospellnms
1705 3189 1792 3258 sude
1811 3193 1931 3272 nostre,
1955 3189 2095 3257 lnosbo

545 3292 658 3374 milite,
679 3291 844 3360 Poeanslno
866 3297 1015 3360 venatore
1036 3289 1111 3360 tiliis
1132 3291 1317 3376 Dymoonis,
1345 3291 1474 3377 bogusa
1497 3291 1563 3360 lilio
1586 3291 1751 3374 Gervnrdi,
1773 3290 1907 3360 Alberto
1925 3290 1992 3359 filio
2012 3291 2094 3358 'lho

546 3393 651 3476 lomet,
672 3392 793 3461 &nem
814 3391 880 3460 lilio
901 3392 1064 3478 Stephani,
1086 3393 1274 3462 Gisbreehto
1296 3392 1362 3462 tilio
1380 3393 1561 3477 nlbmcnti,
1583 3394 1722 3463 Marsole
1742 3392 1808 3462 lilio
1829 3392 2012 3484 blanchardi
2036 3392 2096 3462 'Ut

547 3501 655 3564 autem
687 3493 746 3563 hee
779 3498 889 3563 nostm
919 3493 1047 3563 donatio
1073 3494 1189 3563 futuris
1221 3495 1413 3581 temporibus
1438 3497 1624 3564 iuooncussa
1649 3501 1839 3581 perseveret,
1868 3496 1939 3564 iden
1966 3512 2096 3582 presens

547 3596 700 3683 sonpmn
721 3613 818 3682 snper
838 3614 877 3663 ea
896 3595 1073 3665 conlectum
1094 3598 1196 3666 nostri
1218 3596 1314 3683 sigilli
1335 3597 1592 3666 eommunivimus
1611 3598 1814 3684 appensione

652 3797 1077 3882 Pobmnsmbolseezoea

1218 4094 1294 4183 Nn.
1326 4091 1425 4183 252

652 4288 1250 4374 Plbmlbldlledlbnlb1246
1284 4289 1363 4375 Jul.
1393 4299 1428 4389 1,
1460 4290 1504 4373 in
1535 4292 1700 4395 Pomm
1732 4308 1861 4377 roborat
1894 4309 2096 4377 donationem

546 4410 733 4480 hmsditatis
764 4409 901 4492 Lubrue,
933 4409 1124 4478 monasterio
1155 4409 1296 4495 Parndyt
1325 4430 1383 4496 per
1409 4410 1562 4479 Bomtam
1590 4410 1690 4479 filium
1711 4411 1870 4497 quondam
1900 4409 2025 4479 eomitis
2045 4409 2096 4478 Ia-

550 4512 651 4581 numii
671 4511 711 4580 de
732 4510 871 4578 Widsim
893 4509 1020 4578 neum.
1337 4522 1340 4529 ·
1713 4520 1718 4529 ·

654 4619 793 4696 &aaa
815 4620 931 4696 arnoia
975 4617 1104 4679 0de
1124 4618 1166 4680 od
1183 4620 1420 4696 mmmmm
1434 4613 1548 4695 tedii
1564 4618 1707 4698 ponens

651 4716 789 4784 nomae.
818 4719 985 4784 mosea
999 4716 1169 4799 neapol.
1202 4721 1344 4798 opem
1366 4724 1403 4784 A.
1425 4719 1477 4784 ts.
1498 4752 1543 4766 -
1562 4715 1746 4799 omnen,
1767 4720 1835 4784 coe
1850 4722 1969 4799 nepos
1987 4719 2097 4783 noos

652 5021 690 5088 ln
709 5021 834 5089 nomine
852 5026 962 5088 sancte
982 5026 1016 5088 et
1035 5021 1196 5091 individue
1215 5022 1381 5090 Trinitatis
1409 5040 1512 5088 amen.
1557 5022 1711 5102 Quoniam
1732 5023 1868 5090 mundus
1892 5022 2028 5091 enduouns
2049 5025 2100 5090 est

550 5129 585 5194 et
604 5123 737 5193 diversis
757 5123 887 5192 cottidie
909 5122 1050 5191 variatur
1069 5124 1204 5208 ensibus,
1225 5124 1360 5210 idoyroo,
1382 5142 1423 5192 ne
1443 5128 1517 5192 acta
1537 5124 1718 5191 mortalium
1732 5124 1839 5192 delent
1851 5125 1976 5208 oblivio,
1996 5125 2099 5193 solent
