4574 6240
514 331 587 405 1⁷2
664 331 673 349 ‘

510 530 625 612 lamam
647 536 681 598 ct
701 529 743 598 ad
763 548 864 615 nsque
884 527 1037 596 Proeolno
1059 526 1174 609 laeum
1197 531 1231 593 ct
1252 542 1352 608 usqne
1366 524 1406 593 ad
1425 523 1513 590 laem
1528 522 1630 588 riuum
1645 539 1789 605 parvum,
1811 525 1846 589 et
1859 538 1960 604 usque
1976 520 2062 594 Sme-

512 633 560 702 ler
577 633 700 717 siluam,
723 653 822 718 usque
841 634 882 700 nd
904 651 1051 717 magnum
1071 630 1201 697 tiuvinm
1222 628 1310 695 luem
1332 627 1386 694 nbi
1408 627 1509 693 intrat
1529 624 1692 705 &venua
1713 629 1748 691 et
1767 641 1869 708 usque
1885 623 1918 689 iu
1937 623 2062 700 durium

511 735 669 818 Dravana
691 742 725 803 et
743 736 901 820 usquein
923 735 1102 817 Konotope,
1135 749 1236 815 usqne
1261 729 1302 797 ad
1333 747 1465 813 parvum
1490 727 1593 795 laeum
1623 726 1752 794 Sonuite
1797 724 1946 793 Conmssi
1968 731 2063 803 mian.

512 838 652 906 eiusdem
673 837 794 906 Demm
814 837 965 905 fratribus
986 835 1149 903 licenciam
1170 833 1287 900 ibidem
1315 831 1441 898 locandi
1465 829 1655 898 Teutonicos
1680 829 1749 896 inre
1778 827 1983 913 Thentonico,
2009 833 2064 904 ha·

513 941 607 1008 bandi
630 941 776 1008 tabernas
799 948 833 1009 et
852 940 965 1008 iorum.
1008 938 1053 1004 Et
1070 955 1112 1004 ne
1132 954 1281 1022 processu
1303 934 1454 1019 temporis
1475 939 1586 1000 nostra
1599 951 1695 1016 qnam
1713 931 1844 1000 fecimus
1858 932 1989 1001 donatio
2002 937 2065 1009 ulla

512 1044 615 1130 possit
635 1045 816 1130 perturbari
836 1041 1002 1123 mlumnm,
1024 1037 1220 1107 adhibitione
1241 1036 1372 1105 testium
1394 1053 1527 1120 quorum
1550 1036 1678 1101 nomina
1698 1041 1774 1101 sunt
1786 1032 1983 1120 subscripta:
2006 1038 2064 1107 Ilo·

513 1146 601 1214 conis
622 1147 784 1232 prepositi,
806 1143 955 1213 Buldnini
976 1141 1097 1223 decani,
1120 1137 1273 1207 cristiani
1287 1137 1437 1218 custodis,
1458 1136 1592 1218 Mutine,
1614 1135 1732 1203 Thomu
1746 1138 1968 1205 canonicorum
1983 1139 2066 1210 Gno-

513 1248 690 1331 anenslum;
719 1247 759 1316 de
780 1247 879 1332 laycis
900 1245 1043 1332 personia
1072 1242 1210 1312 demedi
1239 1239 1404 1308 castellani
1431 1238 1665 1320 Poznauiensis,
1695 1239 1859 1306 comitum:
1889 1239 2066 1314 Thomaslat

513 1347 571 1417 filii
603 1349 806 1435 Debregosti,
839 1347 1005 1416 Eustachii
1033 1344 1091 1411 dlii
1118 1342 1279 1425 lobannis,
1308 1339 1437 1409 deamvi
1459 1338 1516 1406 lilii
1541 1339 1716 1424 Bugivogii,
1743 1340 1879 1408 Gotardi
1907 1341 1965 1409 filii
1991 1342 2064 1413 Dul-

514 1450 860 1535 berannensium
884 1449 1027 1530 llllostii‚
1053 1453 1087 1515 et
1113 1445 1208 1531 sigilli
1236 1444 1298 1512 mei
1326 1443 1520 1529 impensione
1546 1443 1655 1509 studui
1683 1444 1842 1510 roborare.
1886 1443 2007 1513 Datum
2032 1448 2065 1519 in

515 1554 646 1623 Gnana
665 1573 724 1640 per
745 1570 872 1622 manum
893 1553 956 1620 mei
978 1548 1158 1619 cancelarii
1176 1548 1305 1616 nomine
1318 1545 1481 1639 ,stapham
1500 1562 1584 1613 auno
1610 1545 1714 1630 gratie
1735 1543 1991 1631 mccxxxvu,
2016 1548 2068 1619 ln·

514 1656 654 1727 dictione
673 1656 714 1740 X,
734 1656 818 1724 Iunii
838 1654 869 1722 X
890 1653 1060 1724 Kalendas.

624 1861 807 1945 cuonem,
824 1885 844 1928 ι
860 1820 1031 1929 ¹veteranam
1053 1861 1186 1925 aaron.
1229 1856 1343 1924 nosue
1367 1856 1465 1939 avus,
1484 1876 1506 1922 ι
1526 1863 1612 1924 nen
1633 1861 1821 1938 caeam
1854 1856 1959 1925 sauz
1980 1858 2068 1945 aava

516 1971 563 2032 iar
583 1968 943 2046 mojacensibus
986 1960 1108 2030 Owcr
1130 1959 1229 2042 lacus,
1249 1980 1269 2023 ι
1290 1964 1376 2025 aim
1399 1961 1522 2025 Borion
1543 1963 1609 2026 Sca
1652 1959 1806 2028 Prooolno
1826 1959 1924 2044 lacus,
1945 1982 1965 2027 ι
1985 1967 2068 2029 πίοι

516 2071 615 2135 mom
644 2071 709 2134 Sec.
760 2067 819 2136 lna
846 2066 933 2134 rivus
961 2069 1237 2151 persuasam
1269 2067 1366 2129 aare
1393 2064 1483 2129 Ibna
1525 2060 1649 2131 Smoler
1673 2063 1763 2145 silva,
1791 2068 1842 2129 nte
1873 2065 2068 2143 modam
2197 2055 2199 2059 ’

514 2167 650 2254 Magnus
671 2168 744 2237 flur.
766 2167 834 2251 lna
855 2191 874 2234 2
894 2173 984 2235 mcor.
1004 2168 1096 2234 raa.
1141 2163 1304 2248 Soueulm
1325 2185 1345 2229 z
1366 2169 1455 2232 mem,
1478 2168 1618 2232 Stdoeaiz
1641 2169 1736 2232 Boclt
1779 2165 1925 2233 Dmranz
1947 2163 2069 2250 fluuius,

516 2274 631 2337 mano
658 2292 704 2339 η.
734 2276 859 2338 zaim
881 2272 994 2351 bruce,
1043 2267 1221 2352 Konotope,
1249 2289 1269 2332 2
1298 2273 1384 2333 mena
1418 2271 1561 2349 Kontopp
1590 2272 1656 2334 See.
1689 2267 1795 2336 Paro.
1824 2269 1913 2337 lacus
1941 2267 2070 2353 Sumite,

515 2393 537 2438 z
556 2378 644 2442 aiem
674 2377 764 2441 Klein
796 2377 945 2440 Zuatiuca
974 2374 1039 2438 Sec
1090 2374 1204 2438 ocem
1229 2371 1372 2454 panaces
1397 2372 1556 2452 mellono
1579 2377 1647 2453 tero
1669 2374 1830 2458 pomposo
1849 2375 2071 2439 nemmem

421 2483 432 2502 ⁶
517 2478 695 2543 barnado
715 2481 793 2558 aad
818 2479 963 2558 eborum,
985 2477 1052 2542 Neu
1079 2475 1235 2555 tremat
1263 2474 1459 2553 Woldcabcra
1479 2477 1558 2554 ezod
1574 2473 1791 2554 bottenstein.

1190 2769 1266 2858 Nr.
1297 2765 1398 2858 203

529 2975 534 2985 '
619 2966 855 3052 wladislaus
881 2967 960 3050 dux
984 2966 1137 3052 Poloule
1161 2967 1298 3049 1237
1324 2964 1403 3051 Jul
1428 2969 1475 3064 8,
1498 2965 1542 3094 ln
1568 2965 1731 3068 dneana3
1756 2982 1922 3057 castam
1951 2982 2073 3050 Poma

518 3088 661 3158 ulcuscm
680 3087 882 3174 amplissimis
903 3085 1075 3172 privilegiis
1095 3088 1209 3155 munit

622 3190 757 3258 Patami
801 3192 921 3256 ,bobia
948 3192 1089 3272 Capituli.
1132 3188 1202 3257 Lib.
1219 3195 1325 3272 privil.
1348 3194 1385 3270 B,
1407 3193 1461 3257 d'r.
1483 3192 1534 3256 87.

619 3395 659 3463 ln
678 3395 807 3464 nomine
826 3392 1123 3478 sancteffiuitatls
1148 3399 1184 3461 et
1203 3393 1363 3461 individue
1385 3393 1529 3463 Unitatia
1551 3412 1652 3462 amen
1698 3394 1851 3474 Quoniam
1872 3400 2001 3464 actast
2020 3413 2074 3462 ro

520 3497 661 3567 luntates
679 3498 842 3566 bominum
863 3515 937 3582 sepe
957 3497 1061 3564 solent
1080 3496 1209 3579 cummi,
1229 3515 1357 3566 ueoesse
1378 3496 1533 3580 estquod
1553 3514 1592 3564 ea
1613 3497 1728 3579 quein
1750 3502 1905 3581 perpetua
1931 3497 2075 3566 volumnus
2120 3584 2122 3590 .

517 3599 695 3669 stabilitate
723 3617 916 3684 permanere,
952 3599 1131 3667 litterarum
1153 3599 1320 3684 Qenda
1345 3599 1499 3668 Mamas
1523 3598 1680 3667 annomri
1725 3597 1802 3665 Inde
1821 3605 1882 3668 ,et
1908 3600 1994 3682 quod
2016 3618 2074 3683 ego

518 3701 712 3770 wladislaus
730 3701 790 3770 Dei
810 3703 916 3787 gratia
936 3701 1000 3768 dux
1021 3700 1151 3769 Polonie
1177 3707 1288 3770 notum
1315 3702 1397 3770 facio
1419 3703 1572 3770 unium
1598 3700 1719 3769 Christi
1746 3698 1902 3782 fidelibus,
1929 3702 2015 3786 quod
2033 3699 2074 3770 ob

517 3803 690 3873 runedium
711 3804 816 3872 anime
836 3822 905 3871 mee
926 3803 1165 3887 animamrmque
1185 3805 1292 3872 uxoris
1314 3811 1348 3873 ct
1368 3805 1506 3872 filiorum
1526 3822 1678 3884 meorum,
1704 3803 1823 3871 contuli
1849 3804 1994 3872 omnibus
2020 3823 2072 3871 es·

518 3905 629 3990 criptis
648 3905 735 3974 beati
755 3904 846 3973 Petri
866 3910 900 3972 ct
920 3904 1054 3971 adanam
1076 3904 1279 3973 eeclesiarum
1294 3906 1434 3974 eiusdem
1448 3907 1583 3974 diocesia
1596 3907 1723 3990 piem
1741 3904 1922 3975 libertatem
1942 3913 1980 3975 ut
2001 3907 2072 3975 nul·
2092 3952 2094 3955 v

518 4004 559 4074 lis
578 4025 635 4092 per
654 4008 777 4075 merel
803 4007 937 4076 barones
966 4025 1053 4074 meos
1080 4015 1252 4092 moventur
1281 4008 1510 4091 emtionibus,
1542 4027 1601 4078 nec
1622 4028 1643 4077 a
1663 4027 1851 4093 quoeunque
1876 4010 1939 4077 nisi
1968 4028 2074 4077 coram

518 4108 665 4196 episcopo
685 4110 736 4177 uel
757 4110 823 4177 suis
844 4109 978 4178 dominis
999 4109 1033 4176 in
1054 4109 1104 4176 ius
1126 4116 1308 4179 evocentur:
1331 4111 1471 4194 exceptis
1493 4112 1616 4195 eisqui
1636 4117 1695 4178 aut
1724 4113 1757 4177 in
1784 4111 1956 4179 auduom
1976 4111 2075 4179 castri

517 4211 653 4281 commoti
674 4210 803 4294 inerint,
825 4218 882 4279 aut
903 4211 1039 4279 lumssias
1060 4218 1184 4279 nostras
1204 4213 1379 4295 eduxerint,
1401 4212 1452 4280 vel
1473 4213 1580 4281 bostea
1601 4215 1634 4281 in
1655 4220 1774 4281 terram
1788 4213 1950 4281 duxerint:
1972 4220 2007 4282 et
2020 4233 2073 4281 eo·

517 4331 589 4381 rum
610 4313 770 4397 indicium,
793 4312 990 4399 presentibus
1011 4315 1152 4399 ipsorum
1173 4316 1308 4384 dominis
1325 4317 1376 4384 uel
1391 4317 1511 4384 nuntiis
1524 4335 1644 4398 eorum,
1666 4316 1758 4385 nobis
1772 4318 1939 4399 mereari,
1960 4318 2009 4384 ita
2022 4322 2072 4384 ta·

518 4434 601 4499 meu,
622 4416 708 4501 qnod
730 4416 881 4484 muletam
903 4436 998 4502 quam
1028 4437 1086 4501 pro
1115 4417 1295 4486 huiusmodi
1320 4419 1445 4487 delictis
1470 4418 1670 4502 infligendam
1700 4418 1932 4487 rationabiliter
1954 4418 2073 4498 videor,

521 4517 661 4602 ipserum
676 4518 795 4586 domini
811 4520 995 4603 percipiant,
1018 4519 1079 4587 nisi
1094 4521 1137 4587 sit
1152 4521 1217 4589 tale
1231 4522 1381 4590 delictum
1401 4522 1487 4606 quod
1501 4521 1613 4589 ultimo
1630 4522 1849 4606 sitsupplicio
1870 4522 2073 4606 puniendum.

517 4618 587 4689 liec
607 4619 649 4688 ad
671 4622 937 4691 constructionem
959 4629 1135 4690 castrorum
1157 4643 1211 4691 eos
1230 4624 1300 4708 cogi
1319 4623 1391 4692 uolo
1412 4624 1474 4691 nisi
1495 4625 1530 4691 in
1550 4642 1685 4707 quorum
1705 4623 1853 4696 districm
1879 4642 2073 4693 commorun-

519 4727 583 4806 tur,
604 4723 744 4808 exceptis
765 4722 1040 4805 Poznaniensibus,
1063 4743 1143 4809 quos
1161 4725 1203 4794 ad
1224 4726 1490 4794 constructionem
1511 4725 1609 4794 castri
1622 4725 1817 4793 (tranensis
1830 4726 1990 4812 deputavi.
2019 4726 2074 4794 Li·

518 4822 587 4892 berl
609 4824 797 4893 verevillae
818 4825 1019 4894 ecelesiarum
1045 4825 1259 4895 inhabitantes
1286 4828 1346 4895 hae
1369 4827 1528 4911 gaudeant
1558 4826 1717 4908 libertate,
1744 4829 1827 4912 quod
1854 4848 1960 4897 coram
1987 4830 2091 4897 nullo

427 4943 433 4951 ·
518 4925 701 4995 officialium
724 4928 774 4995 ael
796 4928 1039 4996 castellanorum
1060 4930 1297 5012 conveniantur,
1320 4949 1377 4998 nee
1398 4949 1505 4998 eoram
1526 4947 1578 4996 me
1591 4937 1795 5014 compareant
1808 4931 1870 4997 nisi
1885 4949 1956 4999 meo
1970 4932 2075 5016 sigillo

387 5076 392 5082 -
519 5030 641 5098 evocati
662 5029 802 5116 speciali,
824 5051 845 5099 a
866 5035 997 5112 suosta,
1020 5051 1041 5099 a
1061 5031 1238 5116 podvoreve
1259 5039 1294 5100 et
1315 5032 1387 5100 aliis
1405 5031 1621 5100 exaedonibus
1641 5031 1708 5099 sint
1722 5033 1891 5115 immunes3
1907 5039 1941 5101 et
1956 5033 2014 5101 hee
2029 5034 2075 5099 lo-

519 5150 591 5200 cam
613 5131 752 5199 babeant
772 5133 806 5199 in
827 5132 911 5199 villis
931 5133 994 5199 iam
1016 5134 1178 5216 possessis.
1221 5135 1306 5203 dcte
1326 5141 1402 5202 sunt
1423 5135 1481 5201 hee
1502 5151 1585 5200 euno
1615 5134 1718 5216 gratie
1744 5134 1910 5202 millesimo
1932 5133 1996 5203 00.
2017 5133 2075 5200 tri·

520 5233 637 5302 oeaimo
656 5233 728 5304 vlt
750 5235 845 5302 tertio
863 5233 915 5303 die
934 5233 1009 5302 Iulii
1030 5235 1063 5304 in
1084 5234 1224 5319 (luam,
1245 5235 1444 5322 preeuntibus
1465 5236 1612 5320 episcopo
1628 5234 1837 5303 Pouuaniensi
1867 5234 1978 5320 Paulo,
2000 5235 2074 5303 uat-
