4574 6240
1938 354 2010 429 145

464 559 527 632 mei
541 564 575 628 et
588 558 644 628 filii
657 560 736 644 elus,
750 567 784 629 et
797 560 933 628 maxime
947 576 1056 644 pacem
1071 558 1172 625 tocius
1188 557 1325 642 Polonic,
1341 557 1464 643 prelata
1477 565 1511 626 et
1525 557 1645 626 maiora
1658 555 1719 624 hiis
1734 565 1846 625 cavens
1859 553 2010 641 periculo,

466 663 566 731 dictes
587 679 643 730 scu
663 663 841 748 prepositos
863 668 947 729 terro
968 661 1119 728 terminos
1140 660 1321 727 nullatenus
1350 680 1407 745 pcr
1428 660 1492 727 vim
1512 661 1725 752 autaliquem
1746 657 1888 726 fraudem
1908 662 2013 724 trans·

464 764 551 853 gredi
573 763 655 832 bona
674 765 737 833 lide
755 766 927 850 promitto,
960 762 1111 849 quamdiu
1133 763 1193 847 ipsi
1215 782 1304 830 suam
1326 762 1422 829 michi
1443 763 1637 831 removerint
1657 761 1903 846 promissionem.
1946 757 2014 826 lise

465 872 570 935 autem
602 866 737 934 lucidius
758 885 880 950 expono
907 866 1030 956 singula
1051 867 1228 934 necessario
1249 865 1461 934 observanda:
1495 864 1637 950 quodsi
1667 881 1817 948 umquam
1848 880 2014 947 porsonam

465 968 541 1037 dicti
562 968 651 1037 ducis
671 976 730 1036 aut
749 968 807 1036 filii
829 969 897 1036 eins
918 969 968 1035 vol
990 968 1108 1035 domini
1129 969 1238 1036 Boruii
1260 969 1356 1036 etiam
1375 987 1432 1053 per
1453 987 1504 1036 me
1525 972 1584 1037 aut
1598 985 1656 1052 per
1673 984 1770 1048 meos,
1791 969 1939 1050 precepto
1958 968 2017 1031 aut

466 1069 595 1140 consilio
615 1070 725 1154 lesero,
747 1070 858 1139 mortis
881 1071 1059 1154 quempiam
1079 1072 1219 1155 ipsorum
1229 1089 1326 1138 causa
1346 1071 1495 1153 existens,
1517 1076 1574 1138 ant
1586 1070 1615 1138 si
1629 1068 1786 1155 predictos
1806 1067 1956 1135 terminos
1977 1070 2016 1133 ut

466 1173 585 1243 dictum
606 1179 656 1241 est
673 1179 888 1258 transgressus
907 1171 1010 1255 luero,
1030 1179 1088 1240 aut
1109 1179 1228 1241 temam
1248 1173 1388 1256 ipsorum
1409 1173 1549 1240 exercitu
1570 1178 1635 1270 aut·
1646 1170 1741 1239 simili
1762 1168 1942 1254 gravamine
1961 1186 2016 1235 ex·

467 1275 635 1362 pollavero,
654 1281 712 1342 aut
732 1275 761 1342 si
781 1274 910 1359 aliquod
931 1274 971 1341 de
992 1275 1105 1343 castris
1126 1277 1267 1359 ipsorum
1288 1273 1430 1359 pervim
1451 1280 1509 1341 aut
1529 1273 1671 1341 fraudem
1691 1277 1749 1339 aut
1768 1271 1900 1338 alicuius
1920 1269 2018 1336 dona·

467 1377 584 1446 tion·
606 1383 717 1445 contra
735 1377 875 1462 ipsorum
895 1376 1090 1445 voluntatem
1110 1379 1279 1459 intravero,
1305 1381 1363 1443 aut
1383 1376 1411 1442 si
1433 1376 1613 1460 quempiam
1632 1376 1672 1444 de
1693 1372 1862 1442 baronibus
1882 1376 1940 1438 aut
1958 1371 2018 1437 mi·

468 1478 577 1546 litibus
595 1480 660 1548 suis
681 1486 740 1547 aut
757 1480 854 1547 etism
876 1478 1085 1563 omninibus,
1126 1481 1182 1564 qui
1210 1479 1312 1547 medio
1334 1483 1476 1562 tempore
1508 1478 1663 1548 discordie
1692 1496 1795 1546 mecm
1821 1475 2020 1565 intraverunt

263 1664 267 1673 .
383 1621 387 1630 ·
469 1580 730 1665 indignationem,
765 1587 824 1648 aut
855 1582 889 1648 in
907 1582 1050 1666 personis
1082 1588 1139 1649 aut
1165 1583 1200 1649 in
1221 1583 1365 1665 captione
1395 1586 1453 1648 aut
1470 1579 1677 1649 hereditatem
1700 1581 1772 1665 (sic)
1789 1597 1845 1645 seu
1865 1577 2019 1646 bonorum

469 1682 631 1750 mobilium
651 1682 810 1750 ablatione
831 1682 899 1750 sine
920 1683 1036 1751 iudicio
1056 1702 1244 1768 gravarem,
1265 1689 1323 1751 aut
1341 1683 1443 1750 iustas
1465 1682 1657 1751 hereditates
1677 1681 1843 1750 heredibus
1864 1697 1928 1748 non
1948 1679 2019 1746 red·

468 1782 587 1867 didero,
609 1784 667 1852 tali
684 1803 736 1852 me
756 1802 838 1869 pene
859 1784 995 1853 subicio:
1018 1787 1119 1870 primo
1142 1785 1227 1870 quod
1247 1786 1308 1854 toti
1329 1791 1414 1854 terre
1435 1786 1670 1870 sepenominate
1690 1785 1835 1851 renuntio
1856 1789 1891 1851 et
1908 1770 2019 1851 abiuro

469 1903 541 1954 cum
560 1905 632 1955 mea
663 1887 895 1971 imperpetuum
917 1888 1123 1972 posteritate,
1159 1889 1236 1955 item
1268 1889 1582 1956 excommunicationi
1601 1887 1720 1956 domini
1741 1887 1826 1970 Pape
1847 1890 1882 1953 et
1901 1884 2021 1952 domini

470 1988 664 2056 Gneanersis
685 1989 912 2073 archiepiscopi
931 1989 1131 2073 omniumque
1153 1990 1370 2076 episcopcrum
1390 1990 1522 2060 Polonie
1539 2010 1591 2059 me
1610 1989 1747 2071 subicio,
1781 1990 1828 2055 ita
1845 1988 2020 2067 dumtaxat,

470 2094 508 2158 nt
528 2090 556 2156 si
577 2090 648 2175 quis
668 2091 810 2176 ipsorum
830 2090 937 2176 gracia
956 2098 1014 2159 ant
1033 2090 1141 2160 lavore
1162 2110 1196 2160 se
1218 2093 1409 2161 condnuerit
1441 2115 1463 2163 a
1491 2094 1614 2179 prelata
1631 2093 1790 2161 sententia
1819 2095 1878 2158 aut
1896 2088 2021 2157 subtra-

470 2192 563 2275 xerit,
583 2192 804 2261 nichilominus
826 2192 961 2278 quilibet
975 2193 1115 2278 ipsorum
1128 2193 1254 2278 plenam
1267 2201 1412 2264 exerceat
1426 2202 1627 2281 potestatem.
1647 2195 1760 2263 Preter
1780 2193 1847 2276 bec,
1868 2192 1897 2260 si
1917 2197 2022 2260 trans·

470 2311 596 2381 gressus
616 2291 704 2361 fuero
726 2294 919 2378 supradicta,
942 2300 1081 2363 casuum
1103 2295 1220 2364 Ostrov
1252 2297 1285 2364 in
1303 2297 1354 2364 ius
1375 2299 1468 2366 cedat
1488 2317 1561 2367 cum
1581 2299 1648 2367 suis
1669 2296 1872 2382 proventibus
1892 2294 2023 2363 ecclesie

471 2395 666 2477 Gnesnensi;
689 2402 762 2482 „ant
781 2396 810 2465 si
832 2415 871 2464 ex
891 2402 984 2482 parte
1003 2397 1106 2467 altera
1128 2399 1336 2483 transgresso
1355 2400 1572 2483 intervenerit,
1592 2399 1744 2484 Stargrod
1765 2398 1912 2466 similiter
1930 2395 2024 2464 cedat

471 2497 601 2568 ecclesie
622 2497 839 2567 Poenaniensi.
876 2498 921 2566 Et
939 2498 982 2567 ad
1002 2500 1103 2568 maius
1124 2499 1202 2568 iacti
1222 2501 1320 2569 robur
1340 2507 1374 2570 et
1393 2503 1601 2585 evidentiam,
1622 2502 1681 2572 hec
1701 2503 1807 2571 omnia
1827 2501 1861 2568 in
1881 2500 2023 2585 registris

472 2601 591 2671 domini
612 2601 697 2688 Pape
719 2602 855 2670 dominis
876 2602 1031 2688 episcopis
1052 2602 1295 2687 procurantibus
1315 2605 1509 2689 redigantur
1543 2609 1660 2673 Actum
1680 2623 1763 2673 mun
1784 2603 1890 2688 gracie
1911 2600 2023 2671 1100.

473 2706 638 2774 heremo
659 2704 723 2774 1111
753 2706 788 2774 in
819 2705 872 2774 dis
892 2705 979 2773 beati
999 2704 1143 2774 Mauritli
1164 2708 1383 2791 sociorumque
1403 2709 1482 2789 eins,
1516 2706 1716 2793 presentibus
1737 2705 1882 2774 omnibus
1899 2705 2024 2774 baroni

472 2807 532 2876 bns
553 2806 713 2892 Gnonvie,
735 2805 847 2892 Sleeie,
868 2806 997 2877 Polonie
1017 2813 1051 2875 et
1072 2807 1279 2879 Sandomirie.

577 3047 677 3117 Terra
696 3047 847 3131 Paionia,
863 3047 993 3129 pliailj
1010 3047 1143 3116 Polonia
1160 3048 1274 3133 maior,
1318 3052 1545 3133 Wonopoosa
1584 3048 1741 3136 Smenos,
1765 3053 1887 3118 Santra
1923 3047 2024 3133 Srem,

407 3150 410 3156 ’
477 3135 572 3219 sm
608 3148 738 3233 dmum
757 3154 864 3217 naen.
896 3149 1013 3234 uene,
1041 3153 1149 3229 msere.
1185 3151 1359 3236 chamos,
1386 3153 1559 3220 emon.
1588 3152 1710 3237 everen,
1753 3155 1872 3219 urerer.
1907 3151 2028 3221 moneo

474 3258 552 3336 capii
568 3253 681 3336 Drzed,
699 3253 825 3335 paean·
844 3256 1031 3320 Brezderdo.
1047 3252 1195 3321 Castrum
1219 3253 1344 3339 Ostrnv,
1360 3257 1488 3338 rriepdgl
1505 3277 1548 3322 aa
1565 3260 1808 3339 vpepiejezioro
1822 3259 1956 3322 Lemma
1968 3259 2033 3337 pud

473 3362 571 3425 nien.
593 3358 798 3434 Pobiedzislra,
822 3356 891 3422 deii
906 3378 934 3420 u
954 3362 1063 3423 ruinie.
1086 3355 1250 3442 Steugrod,
1274 3357 1454 3440 Stcrpprdd.

1145 3704 1219 3792 Νι.
1255 3703 1352 3793 169.

512 3924 515 3931 ·
578 3896 758 3984 damiam
792 3898 871 3984 dux
903 3898 1017 3984 blesis
1050 3903 1088 3984 st
1123 3870 1294 3986 damnis
1321 3905 1358 3987 et
1382 3901 1565 3988 ilenrlons
1595 3903 1720 3989 iunior
1746 3906 1824 3988 dur
1849 3902 1966 3989 diesis
1992 3907 2029 3989 st

477 4018 782 4104 Polonis1284
811 4019 902 4102 lior.
928 4025 1004 4118 21,
1042 4020 1084 4102 in
1109 4022 1227 4125 burgo
1254 4021 1512 4128 ilienmarch03
1549 4043 1699 4110 sonoram
1728 4042 1929 4111 donouomm
1958 4061 2030 4127 pro

477 4139 622 4224 prietatis
643 4139 756 4209 nobilis
770 4140 830 4207 viri
843 4140 998 4210 Bronissii
1019 4140 1122 4209 dictae
1141 4141 1326 4225 Gosteoove,
1348 4141 1465 4212 heum
1487 4143 1624 4212 ilenrico
1653 4145 1761 4213 abbati
1789 4145 1830 4212 de
1851 4145 1952 4212 Ienin
1974 4164 2032 4231 per
2110 4184 2118 4199 ·

364 4310 368 4318 ,
476 4241 610 4311 eundem
629 4242 825 4312 Bronissium
859 4243 900 4310 ad
920 4244 1162 4312 construendam
1182 4244 1299 4313 ibidem
1319 4245 1479 4314 abbatim
1502 4246 1720 4316 cisterciensis
1742 4247 1870 4316 Ordinis
1897 4247 1958 4316 snb
1975 4267 2033 4315 no·

477 4344 577 4413 mine:
596 4343 769 4413 Paradisus
792 4352 903 4413 sancte
923 4346 1034 4414 Made.

580 4450 718 4530 monim
738 4451 913 4516 Bibliotehc.
937 4453 1090 4534 Pcrndpt,
1116 4453 1179 4518 La.
1198 4456 1302 4532 priod
1324 4453 1378 4518 dr.
1397 4454 1427 4517 9.

565 4669 604 4738 ln
619 4671 744 4739 nomine
753 4678 863 4740 sancte
874 4671 1077 4740 elindividne
1087 4672 1263 4740 Trinitatis.
1285 4671 1443 4741 henricus
1457 4672 1517 4742 Dei
1528 4675 1635 4759 gracia
1645 4674 1710 4743 dux
1721 4672 1823 4743 Slaie
1834 4679 1868 4743 et
1882 4673 2032 4744 (income

478 4772 676 4843 etllenricus
688 4774 864 4842 iuniorDei
884 4776 991 4859 gracia
1009 4774 1074 4841 dux
1092 4775 1194 4843 Sleaie
1212 4782 1246 4844 et
1267 4775 1405 4843 Polonie.
1428 4775 1588 4861 Vergcnte
1609 4779 1643 4845 in
1656 4778 1780 4847 senium
1802 4778 1933 4861 mundo,
1954 4777 2030 4862 quia

478 4875 629 4944 morimur
648 4893 757 4943 omnes
778 4882 813 4943 et
833 4877 925 4960 quasi
945 4895 1028 4960 aque
1049 4875 1219 4944 dilabimur
1240 4876 1273 4943 in
1296 4882 1424 4960 terram,
1460 4878 1673 4948 diuturnitate
1695 4881 1846 4965 temporis
1863 4879 1937 4948 novi
1956 4897 2031 4964 ope

479 4976 524 5045 ris
551 4977 703 5046 munna
735 4978 893 5046 mentibus
916 4978 1061 5046 humanis
1092 4977 1183 5047 lacile
1205 4979 1287 5046 solet
1308 4978 1390 5047 elabi
1422 4985 1457 5047 et
1485 4987 1559 5065 post
1579 5001 1734 5051 annornm
1756 4981 1912 5050 curricula
1932 4981 2031 5050 eciam

479 5077 637 5148 dilhcilim
667 5086 774 5165 potest
806 5081 949 5167 probari;
987 5081 1120 5167 ideoque
1141 5081 1351 5150 necessarium
1373 5099 1443 5149 esse
1462 5082 1656 5167 dinoscitur,
1692 5089 1731 5152 nt
1752 5083 1785 5150 in
1807 5081 2030 5151 donacionibus

345 5173 350 5183 '
479 5181 545 5249 slve
565 5182 678 5266 legatis
700 5190 773 5252 acta
790 5183 937 5268 legitima
958 5184 1210 5267 conscribantur,
1233 5183 1451 5252 instrumentis
1470 5184 1672 5270 roborentur,
1693 5191 1858 5273 :quamam
1879 5185 1925 5254 rei
1946 5192 2035 5271 gesto

479 5283 596 5354 veritas
616 5302 673 5353 suo
695 5285 800 5370 vigore
821 5286 960 5370 nitatur,
982 5294 1016 5355 ct
1036 5286 1179 5370 iusticia,
1200 5284 1315 5370 quibus
1335 5284 1483 5371 debetur,
1504 5287 1629 5357 stabilis
1650 5294 1685 5357 et
1705 5288 1890 5358 inconcusse
1911 5306 2037 5359 conser-

1845 5408 1880 5466 lv
