4574 6240
1790 288 1872 392 vrar

326 521 421 593 rabbus
453 518 594 587 iunrdicti
626 518 747 587 cenobii
784 520 976 604 perceperit,
1010 520 1102 586 annis
1139 522 1309 588 transactis
1330 519 1489 587 libertatis
1510 521 1743 606 persolvantur,
1761 524 1877 605 quarto

325 641 433 695 manso
454 621 520 689 sive
535 621 633 689 tercio
647 641 704 706 pro
719 622 865 706 prefectis
879 622 1024 688 villarum
1040 642 1079 690 ex
1093 624 1238 691 omuibus
1252 624 1324 691 aliis
1341 622 1440 690 libero
1457 623 1572 707 iugiter
1585 630 1797 706 pcmranente,
1815 622 1875 689 sul·

194 758 200 769 ¹
324 730 371 797 vis
392 725 491 792 eciam
511 722 713 791 ecclesiarum
734 726 853 791 mansis
875 726 930 808 qui
952 731 1028 792 sunt
1048 724 1090 793 ob
1108 726 1276 794 servicium
1297 726 1358 792 Dei
1383 727 1452 793 iare
1481 725 1640 792 libertatis
1662 724 1877 792 sacerdotibus

325 827 478 902 collaturi.
522 826 681 908 Pretercu,
714 830 741 893 si
769 827 845 911 quid
875 827 1025 895 utilitatis
1052 828 1092 895 de
1107 834 1248 896 moneta
1267 847 1324 896 seu
1348 828 1389 895 do
1411 827 1567 911 theleneo,
1590 827 1656 895 sive
1672 826 1712 895 do
1732 835 1875 912 argente,

323 949 411 1011 auro,
431 928 570 1013 plumbo,
592 927 686 1010 forro,
704 931 731 995 si
753 929 834 997 forts
856 929 899 997 ibi
918 931 1104 1011 invenietur,
1119 932 1309 1013 provenerit,
1323 931 1363 999 de
1378 930 1484 998 fructu
1497 929 1689 996 Lubcnsium
1702 928 1876 1012 percipien-

325 1035 404 1102 tium
422 1031 543 1100 decima
564 1031 762 1115 integraliter
786 1038 837 1099 est
865 1032 1079 1116 persolvenda.
1123 1031 1171 1100 Ut
1197 1051 1272 1116 ergo
1305 1032 1364 1101 boe
1393 1033 1512 1101 lactum
1541 1030 1656 1100 stabile
1687 1036 1876 1116 perseveret,

325 1153 454 1222 presens
474 1135 627 1217 scriptum
649 1133 746 1217 sigilli
767 1135 829 1201 nrei
861 1142 894 1201 ot
926 1134 1066 1220 Capituli
1089 1135 1149 1200 mei
1172 1134 1345 1201 munimine
1376 1134 1534 1216 roboravi,
1565 1130 1700 1200 testibus
1731 1130 1877 1198 fidelibus

325 1235 474 1309 adhibitis
495 1243 629 1319 querum
650 1236 708 1304 bec
729 1242 804 1302 sunt
824 1237 969 1305 comma:
1000 1236 1137 1304 decanus
1160 1234 1347 1316 Witozlaus,
1374 1236 1612 1304 archidiaconus
1629 1234 1752 1315 Petrus,
1774 1232 1876 1301 Pribi-

324 1340 422 1421 rlaus,
443 1337 638 1418 Vincentius,
660 1337 825 1420 Iohannes,
847 1338 1039 1423 Nycboluus,
1061 1339 1216 1420 Petricus,
1240 1337 1400 1420 llelvicus,
1430 1339 1590 1420 musam,
1618 1336 1753 1416 blasius,
1775 1335 1912 1405 uum·
1960 1336 1963 1342 ’

325 1442 439 1528 phylus
459 1446 493 1509 et
510 1440 566 1508 alii
585 1459 679 1526 quarn
698 1441 805 1525 plures
827 1441 968 1509 canonici
991 1441 1228 1509 Poznauienscs.
1273 1442 1356 1508 Actu
1380 1448 1456 1509 sunt
1481 1441 1541 1510 hec
1561 1458 1644 1507 anno
1666 1437 1706 1506 ab
1728 1436 1875 1507 incarna-

325 1544 413 1613 cione
433 1542 560 1611 Domini
578 1541 851 1611 mccxxxun.

427 1744 593 1829 Lubeusis,
615 1750 654 1813 de
674 1749 841 1834 διδωμι
861 1753 1027 1816 rumieeku
1048 1751 1173 1816 leuem
1195 1745 1350 1831 Velensis,
1364 1751 1403 1814 de
1423 1747 1546 1816 Wicleri.
1567 1745 1756 1816 meocko
1780 1750 1875 1822 idaea

325 1853 528 1917 animatu
552 1846 742 1914 acerruma

996 2146 1071 2234 Nn.
1106 2141 1214 2271 171,

428 2339 626 2445 unacum
651 2341 716 2446 Pp.
741 2343 800 2428 IX
826 2346 960 2428 1284
984 2342 1067 2428 lica
1094 2352 1127 2445 1,
1151 2342 1313 2446 Perusia
1344 2361 1476 2430 murt
1505 2361 1678 2445 inusta,
1712 2366 1750 2430 ut
1780 2360 1810 2428 a
1841 2361 1876 2428 in

325 2463 503 2534 Gnernerrsi
523 2464 685 2547 provincia
705 2465 888 2546 mantus,
910 2472 1023 2534 eontra
1043 2472 1131 2534 certa
1150 2465 1274 2534 indulta
1299 2464 1392 2533 Sedis
1411 2464 1606 2550 apostolieae
1629 2464 1664 2532 ia
1683 2463 1877 2534 nonaum

326 2565 453 2636 Ordinis
474 2564 692 2635 cumaclensis
713 2567 796 2635 latus
818 2551 1004 2646 iuveue'rint,
1023 2569 1150 2636 ecsdmn
1169 2568 1344 2637 annmlent

429 2673 569 2750 Perenna
591 2675 709 2751 emper.
731 2673 781 2735 Na
801 2692 902 2736 rme.
922 2675 1094 2754 kerwpayra
1110 2678 1341 2754 przpuiemrru
1360 2673 1455 2737 dude:
1475 2668 1648 2754 Gregorius
1668 2667 1726 2754 Pp.
1744 2669 1802 2738 ut

434 2772 593 2839 Wroerm.
612 2777 732 2854 Kdnipt
756 2777 863 2840 &eutr
883 2778 975 2842 Arca
992 2777 1111 2842 mma
1129 2777 1184 2843 56.
1221 2777 1279 2840 ue
1298 2775 1432 2840 mnam
1450 2777 1479 2838 d
1499 2776 1548 2839 Kd
1569 2775 1688 2840 mma
1707 2775 1773 2839 tv.

427 2976 600 3062 Gregorius
623 2978 788 3063 episcopus
808 2996 917 3046 servus
931 2996 1094 3047 semorum
1118 2978 1188 3062 Dei,
1209 2978 1335 3047 dilectis
1357 2977 1652 3047 mindunensi
1673 2984 1754 3048 et..
1777 2977 1874 3047 Badi-

326 3081 442 3150 sinensi
463 3079 590 3149 decenn
610 3086 645 3149 et
711 3081 872 3166 preposita
892 3080 1093 3149 Badisinensi
1113 3081 1283 3150 blimeusis
1297 3080 1459 3150 dioceseos
1472 3080 1609 3149 salutern
1622 3087 1657 3150 et
1668 3080 1877 3166 apostolicam

325 3180 585 3252 benedictionem
609 3183 662 3250 Ad
682 3182 920 3251 similitudinem
941 3184 1001 3252 Dei
1021 3184 1165 3252 conditus
1186 3191 1221 3252 et
1237 3185 1329 3269 quusi
1354 3183 1513 3269 quoddam
1540 3182 1646 3252 divim
1671 3184 1813 3268 potentie
1833 3184 1876 3251 si·

98 3298 105 3383 ζ
190 3355 192 3359 ,
325 3285 493 3372 menium
513 3284 608 3354 borno
629 3284 743 3368 butus,
769 3305 808 3355 ac
827 3287 943 3355 munds
964 3287 1088 3356 ratione
1108 3291 1236 3371 receptu
1263 3293 1331 3354 tam
1352 3286 1534 3355 excellentis
1556 3286 1768 3372 pulcritudine
1787 3306 1876 3372 yma·

326 3387 408 3474 ginis
427 3388 604 3470 decoratus,
630 3395 707 3456 ante
735 3407 831 3472 quam
859 3388 952 3473 plene
973 3407 1032 3456 sua
1051 3389 1243 3457 ineremeutu
1267 3388 1398 3470 videret,
1424 3387 1561 3457 elatione
1587 3388 1690 3457 cordis
1715 3389 1877 3473 intumuit,

326 3495 361 3560 et
380 3490 466 3577 qnod
487 3489 527 3559 de
545 3488 663 3560 infimis
684 3490 838 3559 formatus
856 3489 976 3573 murat,
999 3496 1050 3560 est
1076 3490 1203 3559 oblitus.
1247 3489 1342 3558 Unde
1366 3490 1447 3557 mira
1473 3488 1654 3558 Conditaris
1693 3498 1744 3559 est
1769 3497 1878 3562 sebum

326 3592 460 3675 iustitis,
481 3598 519 3661 ut
539 3591 595 3679 qui
615 3611 674 3678 per
693 3611 821 3661 sensum
841 3612 936 3680 quem
956 3598 1119 3679 receperat
1139 3593 1327 3662 radonnlenr
1343 3592 1533 3678 superbunt,
1564 3611 1691 3662 mrsum
1715 3594 1803 3664 ternu
1819 3613 1878 3682 per

326 3701 460 3765 nonen
481 3690 571 3764 lieret
592 3714 688 3781 quam
705 3714 741 3765 sc
759 3715 828 3765 usse
846 3697 1009 3766 humiliter
1030 3716 1094 3764 uon
1112 3696 1252 3781 agnovit,
1273 3695 1376 3781 etqui
1389 3694 1546 3780 pecuumo
1558 3695 1618 3764 liei
1639 3695 1877 3766 similitudinem

326 3797 522 3867 voluntarius
543 3796 690 3884 perdidit,
712 3798 831 3867 rediret
850 3799 893 3868 ad
913 3799 981 3867 limi
1001 3800 1052 3866 sui
1069 3799 1234 3867 maurum
1253 3799 1303 3866 vel
1324 3798 1451 3866 invitus
1487 3798 1556 3869 Nec
1577 3801 1680 3884 prima
1700 3800 1878 3886 prevarica-

328 3901 414 3970 tione
434 3907 584 3970 eontenta
604 3901 785 3985 posteritas,
807 3901 885 3986 logis
905 3900 1060 3969 nammlb
1080 3900 1314 3982 auctoritatem,
1333 3918 1430 3984 quanr
1449 3901 1605 3970 Dominus
1623 3902 1769 3971 humanis
1790 3922 1877 3972 men·

328 4003 412 4074 tibus
433 4005 524 4090 quasi
541 4004 673 4088 abipso
694 4003 804 4070 mundi
822 4002 993 4087 primordio
1014 4002 1130 4069 indidit
1149 4007 1184 4068 et
1200 4000 1302 4085 digito
1323 4020 1380 4070 sue
1400 4003 1617 4090 inspirationis
1638 4005 1814 4090 impressit:
1837 4026 1877 4075 ue
1957 4023 1959 4027 ’

327 4105 478 4176 fidamus
498 4105 673 4192 absquae
691 4105 759 4172 lieri
781 4104 871 4173 nobis
896 4104 1029 4186 odimus,
1063 4103 1120 4171 sed
1147 4104 1193 4172 sic
1216 4104 1297 4171 alios
1320 4104 1354 4172 in
1381 4124 1440 4173 sua
1461 4105 1622 4176 macomus
1648 4107 1773 4175 iustitia
1795 4107 1880 4177 sicut

328 4208 452 4278 delendi
472 4209 544 4277 iura
563 4214 674 4276 nostra
692 4208 850 4292 cupimus:
884 4213 935 4275 est
954 4214 1159 4290 transgroesa
1204 4205 1288 4274 Nem
1307 4205 1367 4273 filii
1387 4207 1498 4276 mundi
1517 4209 1613 4276 huius
1641 4228 1721 4294 quos
1742 4209 1878 4295 pruden-

329 4313 425 4382 tiorcs
445 4311 520 4381 utin
539 4312 620 4380 lucis
640 4313 673 4379 in
694 4313 894 4394 generatione
915 4329 975 4379 sua
996 4311 1113 4378 veritas
1133 4315 1340 4394 protestatur,
1370 4309 1487 4378 reiecta
1511 4310 1678 4396 disciplina
1702 4311 1825 4381 iustitie
1845 4318 1880 4381 et

328 4415 544 4485 otsemuone
566 4414 639 4483 lidei
659 4416 809 4500 relegata,
830 4415 892 4483 sibi
913 4415 1046 4483 invicem
1067 4413 1240 4484 moliuntur
1257 4411 1399 4495 insidias,
1419 4411 1559 4501 dampna
1576 4413 1725 4497 inierunt,
1747 4413 1879 4482 iniurius

329 4520 479 4605 irrogant,
500 4524 628 4588 merent
647 4519 730 4600 lites,
752 4519 795 4585 rd
814 4537 903 4585 arma
931 4518 1109 4603 prosiliunt,
1138 4516 1327 4585 cemmitunt
1349 4513 1465 4599 prelia,
1494 4515 1606 4584 sceleri
1634 4517 1685 4583 ius
1704 4515 1879 4601 indulgent,

329 4622 524 4708 privilegium
543 4621 622 4689 dant
636 4623 746 4703 errori,
766 4627 920 4688 venantur
934 4620 1099 4688 ininvicem
1114 4639 1149 4687 se
1162 4619 1203 4687 ud
1217 4626 1352 4687 mortam
1364 4624 1399 4685 et
1419 4637 1454 4686 sc
1468 4619 1554 4703 ipses
1571 4617 1650 4686 adeo
1664 4617 1879 4704 persequendo

329 4723 492 4807 manunt,
513 4732 552 4791 ut
572 4724 670 4791 etiam
692 4724 726 4789 iu
747 4740 804 4789 suc
825 4723 976 4805 sauguine
997 4728 1202 4788 cruententur
1223 4739 1281 4788 nec
1301 4720 1426 4789 efficere
1448 4718 1509 4787 sibi
1530 4720 1676 4804 credunt3
1697 4740 1761 4789 non
1773 4727 1879 4789 utten-

329 4826 451 4908 dentes,
474 4826 622 4913 quom'uru
644 4825 699 4910 qui
721 4824 796 4892 talia
815 4831 923 4907 agunt,
945 4823 1032 4908 digni
1051 4829 1125 4890 sunt
1147 4827 1249 4890 morte
1269 4823 1354 4907 quod
1384 4830 1450 4891 tam
1478 4823 1659 4891 immuniter
1692 4825 1818 4892 sedunt
1847 4823 1880 4890 in

329 4928 458 5012 scipsos.
502 4926 564 4996 Sed
585 4927 683 4995 etiarn
703 4927 745 4994 ud
766 4925 985 4993 desiderabilia
1007 4925 1155 5007 Ecclesia,
1187 4925 1302 4992 iratres
1329 4925 1476 4994 videlicet
1497 4923 1716 4994 cisterciensis
1736 4924 1879 4993 Ordinis:

330 5029 384 5115 qui
405 5031 555 5098 remmia
577 5028 679 5098 turbis
701 5027 893 5096 secularibus
917 5029 950 5095 in
969 5028 1105 5113 qualum
1129 5029 1244 5096 urentis
1269 5028 1439 5096 solitudine
1466 5036 1698 5111 marersuntoe,
1726 5034 1765 5096 ut
1791 5027 1880 5096 ebul·

330 5130 443 5200 lientes
463 5131 504 5199 ud
525 5131 633 5199 intima
653 5150 745 5209 curas
767 5130 869 5198 cordis
892 5150 949 5214 per
967 5132 1095 5215 superni
1117 5131 1252 5213 gratiam
1273 5129 1468 5213 restringunt
1480 5132 1608 5212 amoris,
1630 5129 1787 5214 quoddam
1808 5149 1880 5198 curn
2023 5187 2024 5191 ,

332 5233 466 5302 Domino
484 5235 569 5302 intra
590 5254 625 5301 se
646 5240 803 5302 secretum
824 5240 972 5318 querunt,
1001 5233 1055 5300 ubi
1078 5252 1148 5301 curn
1169 5232 1236 5315 illo,
1265 5233 1422 5301 exteriore
1443 5240 1587 5301 manta
1615 5233 1761 5318 strepitu,
1791 5234 1882 5321 qussi

1678 5348 1726 5406 w
