4574 6240
1188 587 1262 673 Nr.
1295 583 1395 676 234.

622 779 804 864 domolus
831 782 907 865 dua
933 780 1104 864 cracovia
1131 786 1197 866 otc.
1223 789 1356 865 1242
1384 784 1469 868 Jun.
1495 787 1568 880 16,
1592 783 1636 865 in
1662 781 1807 886 Spiram
1834 800 1978 868 concam
1995 821 2066 888 poa

518 899 708 968 sessionibus
729 901 930 968 ecclesiarum
951 900 991 967 de
1005 899 1156 985 Gniezno,
1176 901 1370 972 Wlocluwclr
1390 910 1423 971 et
1436 903 1546 985 Plock,
1568 904 1601 970 in
1620 904 1738 970 ducatu
1759 902 1921 971 Materiae
1935 911 1969 971 et
1981 905 2065 977 lan·

518 1000 615 1071 niciae
634 1001 715 1085 sitis,
737 1003 946 1087 amplissimas
966 1003 1139 1070 libertates.
1834 1089 1837 1096 Ι

621 1107 806 1186 Rzpszczm.
831 1107 993 1170 Maczltom
1021 1109 1089 1171 Cori.
1110 1112 1289 1188 diplomate.
1317 1114 1418 1174 Polou
1450 1110 1497 1184 11,
1520 1129 1570 1173 nr.
1599 1110 1650 1172 32.
1685 1110 1727 1185 (Z
1749 1102 1920 1188 perpacata.
1943 1117 2065 1190 orppim,

517 1225 539 1270 u
557 1204 683 1287 lotdrepo
699 1211 799 1287 pesele
817 1213 985 1287 paroemia
1016 1211 1057 1272 od
1072 1211 1313 1290 przpoimzoaej
1329 1210 1442 1290 jeanej
1456 1215 1594 1297 pieczfci
1610 1214 1763 1292 potestat,
1788 1212 1842 1275 bez
1863 1210 1952 1274 iladu
1969 1233 2066 1296 przq·

516 1309 674 1373 mama
695 1310 846 1389 amaea)

619 1491 739 1562 Notum
759 1494 804 1562 sit
820 1494 985 1578 universis,
1007 1496 1092 1579 qnod
1113 1514 1170 1580 ego
1192 1497 1356 1582 episcopus
1378 1497 1591 1581 Wratizlarie,
1613 1517 1633 1566 a
1654 1498 1733 1566 duoe
1755 1497 1902 1566 Lancicie
1921 1497 2065 1569 Conrado

516 1595 712 1682 privilegium
734 1595 892 1665 libertatis
916 1598 1062 1666 villarum
1088 1599 1218 1667 ecclesie
1249 1600 1283 1666 in
1311 1601 1420 1668 eodem
1440 1601 1558 1668 ducatu
1580 1603 1766 1684 positarum,
1789 1601 1877 1668 etin
1898 1601 2065 1668 ducatibus

516 1695 653 1766 liliorum
673 1698 808 1783 predicti
828 1698 927 1781 ducis,
947 1698 1106 1768 Bolealaoi
1128 1708 1162 1768 et
1182 1701 1349 1784 Kaaimiri,
1372 1721 1443 1770 cum
1465 1721 1618 1770 consensu
1638 1703 1809 1770 eorundem
1825 1702 1960 1784 obtinui,
1982 1705 2066 1787 quod

515 1800 711 1886 privilegium
733 1819 840 1870 omnes
859 1802 991 1886 predicti
1013 1804 1110 1871 duces
1128 1804 1239 1888 sigillis
1260 1806 1327 1872 suis
1347 1804 1557 1871 muniverunt
1603 1803 1701 1871 Cuins
1723 1810 1814 1871 tenor
1835 1804 1910 1871 talis
1930 1810 1993 1870 est:

618 1902 657 1970 In
678 1904 803 1972 nomine
823 1903 950 1971 Domini
971 1923 1073 1972 amen.
1118 1905 1185 1990 Ego
1209 1904 1372 1973 conradus
1392 1905 1459 1972 dux
1480 1904 1630 1973 Graeceio
1659 1912 1693 1972 et
1714 1905 1882 1972 banebicie
1902 1904 2065 1990 predeces-

514 2023 621 2074 sorum
642 2025 784 2074 meorum
800 2007 941 2090 vestigiis
962 2006 1117 2074 adherens
1137 2025 1309 2091 eorumque
1326 2007 1456 2090 cupiens
1473 2005 1542 2072 lieri
1563 2006 1704 2090 ydoneus
1723 2007 1876 2087 imitator,
1896 2007 2064 2089 presertim

514 2107 548 2174 tn
569 2107 615 2176 ais
633 2126 695 2193 que
715 2109 845 2194 pietatis
866 2107 968 2176 officio
988 2109 1030 2176 ad
1050 2108 1190 2176 deinum
1211 2110 1331 2176 cultum
1353 2116 1387 2177 at
1407 2108 1652 2176 ecclesiasticam
1672 2107 1846 2175 utilitatem
1860 2105 1972 2174 iecisse
1993 2124 2064 2173 nos·

514 2217 639 2293 cuntur,
660 2209 817 2295 memque
838 2210 967 2296 cupiens
984 2212 1135 2295 inponere
1161 2211 1321 2280 laboribus
1349 2210 1536 2278 uenerabilis
1565 2209 1668 2294 patris
1693 2209 1755 2276 mei
1782 2208 1931 2276 Fuloonis
1958 2206 2068 2274 divina

514 2310 722 2398 disposicione
743 2311 937 2380 Gneanensis
957 2313 1195 2399 ambiepisoopi,
1217 2313 1293 2400 (sic)
1311 2320 1345 2382 ot
1366 2314 1466 2399 ipsius
1485 2311 1727 2394 suecessoribus,
1749 2316 1784 2378 et
1797 2310 1944 2378 similiter
1958 2308 2064 2377 blazo-

512 2413 612 2482 tiensi
632 2418 666 2482 et
691 2411 870 2481 Cuiariensi
901 2414 1056 2500 episeopis
1088 2422 1123 2483 et
1154 2415 1385 2483 successoribus
1411 2433 1536 2496 eorum,
1561 2415 1634 2482 iura
1659 2431 1722 2482 seu·
1743 2412 1907 2481 libertates
1933 2411 2091 2479 interius·

512 2511 681 2583 adnotatas
701 2532 760 2600 pro
781 2534 832 2583 me
853 2520 887 2583 et
906 2516 985 2583 meis
1003 2517 1235 2585 successoribus
1257 2519 1291 2584 in
1309 2517 1404 2584 terris
1425 2535 1505 2601 quas
1525 2534 1608 2583 nnnc
1628 2516 1773 2601 possideo
1794 2514 1844 2581 rel
1864 2514 1898 2581 in
1920 2513 2063 2580 laturum

512 2613 581 2684 Deo
601 2621 731 2685 auctora
751 2617 928 2702 possidebo,
949 2619 1085 2702 resigno,
1106 2619 1188 2687 dono
1209 2624 1244 2686 et
1264 2619 1423 2686 confirmo.
1467 2618 1583 2686 Omnes
1604 2617 1703 2701 igitur
1727 2616 1899 2701 ascripticii
1921 2616 2062 2684 homines

510 2716 597 2786 beati
617 2717 781 2786 ddalberti
802 2725 836 2787 at
858 2718 1053 2788 Ouiariensis
1076 2722 1276 2806 episcopatus
1297 2740 1336 2789 ac
1353 2720 1487 2788 aliarum
1500 2719 1714 2802 ecclosiamm,
1731 2719 1972 2802 cuinscuiusqua
1986 2717 2062 2804 (sic)
2181 2756 2183 2760 ·

511 2818 702 2889 condicionis
720 2819 772 2888 rel
790 2823 951 2890 servitutis
977 2823 1044 2890 sive
1071 2821 1167 2891 officii
1190 2821 1318 2905 inerint,
1344 2841 1402 2908 per
1423 2827 1526 2889 totum
1554 2820 1705 2888 ducatum
1730 2820 2002 2902 Βαηοὴίοἰεωεω,
2029 2827 2063 2887 et

515 2921 615 2991 mam
631 2921 666 2989 in
686 2921 804 2991 ducatu
824 2922 1031 3005 Murosieusi,
1048 2929 1145 3009 prout
1157 2943 1178 2993 a
1191 2925 1305 2994 dilectu
1320 2929 1428 2992 nostro
1442 2923 1507 2990 lilio
1528 2922 1676 2990 Bolealao
1697 2923 1776 2990 dnoe
1797 2922 1988 2990 Maaoriansi
2008 2921 2062 2988 de·

510 3028 586 3092 rota
605 3028 640 3092 et
660 3021 773 3092 humili
793 3025 989 3110 optinuimus
1008 3025 1175 3110 peticione,
1196 3044 1305 3095 omnes
1325 3024 1497 3110 ascripticii
1518 3025 1726 3093 linconiensis
1747 3025 1957 3110 episcopatus,
1976 3025 2062 3091 omni

510 3128 545 3193 ot
564 3124 659 3212 plena
677 3126 837 3212 gaudeant
853 3126 1062 3210 immunitate,
1096 3127 1188 3196 liberi
1216 3127 1257 3197 ab
1284 3127 1370 3196 omni
1394 3126 1526 3212 prediali
1555 3126 1621 3194 sire
1643 3126 1802 3211 personali
1822 3126 1976 3193 servitute
1998 3144 2060 3210 qne

510 3244 661 3312 nmquam
681 3227 716 3295 in
735 3229 782 3296 eis
799 3228 849 3297 vel
870 3248 979 3299 eorum
999 3230 1118 3315 prediis
1140 3229 1271 3298 ducibus
1292 3228 1421 3297 Polonia
1442 3228 1621 3312 competiit:
1644 3228 1692 3295 ita
1709 3227 1794 3311 qnod
1807 3245 1910 3312 nequa
1924 3228 2058 3312 pretori,

415 3336 417 3339 ’
510 3345 612 3416 neque
633 3330 761 3415 prevod,
782 3349 885 3416 nequa
905 3350 1014 3418 porea,
1037 3350 1140 3416 neque
1160 3350 1266 3413 norea,
1287 3348 1346 3398 neo
1365 3329 1495 3412 aliquod
1512 3328 1600 3396 alind
1620 3329 1786 3396 servicium
1807 3328 1857 3396 rel
1874 3329 2059 3409 utilitatem,

510 3447 708 3517 quocumque
728 3433 880 3500 vocabulo
901 3439 1102 3515 censeantur,
1135 3432 1176 3502 ab
1201 3433 1319 3501 eisdem
1339 3430 1516 3498 bominibus
1542 3430 1639 3499 duces
1666 3431 1809 3499 Mmovie
1836 3434 1872 3498 et
1891 3429 2061 3498 Lancbicie

509 3538 674 3618 expetent3
693 3533 749 3602 sed
770 3534 854 3602 idem
874 3535 1016 3603 bomines
1036 3535 1207 3620 ascripticii
1225 3553 1297 3603 curn
1318 3535 1404 3600 omni
1424 3533 1566 3600 utilitate
1589 3533 1640 3600 vel
1660 3532 1792 3601 servicio
1815 3538 1939 3600 tantum
1961 3532 2060 3598 domi·

509 3652 622 3704 norum
641 3652 770 3704 suorum
792 3637 997 3705 subiacebunt
1017 3637 1184 3723 potestati,
1211 3637 1245 3703 in
1266 3635 1353 3702 nullo
1375 3653 1450 3703 casu
1467 3655 1488 3702 a
1508 3635 1588 3702 duce
1607 3634 1659 3703 ral
1681 3633 1722 3702 ab
1743 3634 1807 3702 alio
1824 3634 1866 3702 de
1883 3634 1951 3701 eius
1972 3653 2060 3702 man·

508 3735 775 3821 datoiudicandi,
794 3738 850 3807 sed
871 3745 997 3807 matum
1017 3739 1214 3807 dominorum
1237 3756 1364 3805 suorum
1386 3737 1517 3804 audient
1537 3736 1662 3819 iudicia,
1684 3736 1734 3805 rel
1752 3755 1862 3805 eorum
1877 3737 1992 3820 quibus
2005 3754 2059 3803 eos

508 3837 627 3908 domini
648 3840 787 3925 ipsorum
808 3841 1021 3908 commiserint
1042 3840 1233 3909 iudicandos
1277 3838 1397 3907 Pietati
1415 3838 1514 3906 eciam
1535 3839 1678 3906 homines
1701 3838 1904 3907 ecclesiurum
1925 3839 1967 3905 ad
1990 3839 2060 3904 nul·

507 3937 574 4007 lum
595 3941 767 4009 exercitum
789 3941 956 4009 trahentur
977 3941 1079 4024 inriti,
1100 3929 1163 4009 nisi
1181 3942 1337 4009 exercitus
1351 3946 1515 4025 cogeretur
1528 3941 1570 4008 ad
1585 3946 1670 4008 terre
1682 3939 1904 4008 defensionem.
1926 3940 2057 4007 Nullum
2128 3982 2129 3985 =

509 4047 648 4110 matrum
669 4060 785 4110 uorum
806 4042 1005 4126 edificabunt,
1037 4042 1092 4110 sed
1113 4044 1245 4125 antiqua
1266 4047 1395 4127 propter
1416 4048 1501 4108 terre
1522 4041 1755 4123 deffensionem,
1781 4043 1953 4111 secundum
1975 4042 2059 4127 quod

506 4141 549 4211 ab
580 4145 713 4229 antiqno
746 4151 988 4227 consueverunt,
1022 4142 1190 4225 reificient3
1231 4143 1290 4211 boc
1330 4149 1437 4211 tamen
1472 4142 1614 4211 adhibito
1647 4146 1874 4228 moderamine,
1907 4144 1992 4229 quod
2025 4144 2059 4211 in

507 4242 686 4314 huiusmodi
707 4246 939 4315 medificatione
957 4246 1078 4313 nullum
1100 4245 1293 4327 beneficium,
1316 4245 1401 4329 qnod
1421 4245 1594 4327 mlgarlmr
1614 4264 1695 4331 supa
1711 4247 1839 4330 dieitur,
1854 4247 2058 4327 constituent,

505 4364 565 4416 nec
585 4366 693 4417 omnes
714 4349 756 4416 ad
777 4350 873 4416 tulero
894 4349 1159 4417 roedilicacionem
1181 4348 1286 4416 venire
1308 4354 1470 4430 coguntur,
1492 4346 1547 4414 sed
1560 4353 1772 4434 quotcumque
1785 4349 1952 4432 voluerint,
1967 4350 2058 4417 dum·

505 4447 599 4518 modo
619 4469 698 4535 opus
719 4456 933 4536 competenter
953 4451 1143 4535 perficiatur.
1188 4450 1282 4531 ltem,
1304 4448 1369 4515 dux
1394 4449 1449 4533 qui
1470 4447 1566 4516 merit
1585 4469 1644 4535 pro
1666 4457 1808 4536 tempore
1829 4470 1893 4519 non
1908 4451 2058 4518 transibit

505 4551 721 4620 mummolam
738 4552 778 4620 de
800 4553 917 4621 Loricb
939 4559 973 4620 et
990 4553 1086 4620 aliam
1106 4553 1147 4620 de
1169 4552 1296 4637 Voqbor
1314 4552 1375 4618 nisi
1396 4552 1493 4619 semel
1515 4553 1548 4619 in
1569 4572 1663 4635 anno,
1685 4560 1719 4621 at
1738 4560 1814 4622 tunc
1834 4553 2057 4638 procurabitur

504 4657 540 4720 et
558 4651 731 4720 deducetur
748 4673 820 4722 cum
842 4659 892 4721 tot
912 4654 1066 4735 curribus,
1088 4655 1172 4737 quod
1193 4661 1287 4722 erunt
1303 4655 1338 4720 iu
1359 4654 1509 4737 predictis
1531 4656 1752 4737 matellaturis,
1774 4656 1829 4740 qui
1843 4654 1921 4742 (sic)
1940 4656 1985 4723 ibi
1999 4651 2058 4722 bo·

503 4753 604 4822 mines
624 4772 699 4823 suos
720 4774 784 4823 non
805 4755 908 4823 babet
952 4757 1033 4823 Aliis
1059 4763 1167 4824 numm
1195 4757 1314 4825 vicibus
1339 4756 1620 4841 quocienscumque
1647 4759 1820 4839 transierit,
1854 4757 2057 4843 perticarium

502 4854 659 4924 deducent
680 4863 713 4926 et
733 4877 831 4925 unum
851 4858 1067 4943 procurabunt
1087 4866 1282 4940 venatorem,
1302 4878 1360 4926 nec
1381 4877 1491 4926 currus
1513 4860 1599 4927 ultra
1620 4866 1722 4928 metas
1744 4859 1872 4927 trabant
1888 4860 2055 4943 utriusque

347 5043 358 5051 ᾖ
503 4958 695 5028 metellanie.
725 4960 763 5027 ln
781 4962 869 5028 silvis
890 4967 995 5029 autem
1014 4962 1055 5029 de
1077 4962 1195 5030 Lovieb
1217 4970 1250 5030 et
1271 4960 1400 5045 Vogbor
1420 4981 1477 5028 noc
1498 4961 1563 5028 dux
1585 4980 1643 5029 nec
1656 4962 1739 5028 alitis
1752 4979 1811 5046 pro
1826 4961 2056 5041 serenabitur,

501 5059 564 5127 nisi
585 5079 656 5128 cum
677 5062 780 5146 ipsum
801 5064 894 5131 modo
909 5064 1044 5131 tmnsire
1059 5065 1241 5148 contigerit3
1264 5072 1298 5132 et
1310 5081 1431 5131 morum
1445 5063 1490 5130 ibi
1504 5081 1567 5130 non
1584 5063 1679 5131 faciet
1702 5070 1833 5148 propter
1844 5064 2055 5144 venacionem,

501 5181 560 5232 neo
583 5163 662 5231 nlius
690 5184 820 5234 monens
847 5165 923 5233 illuc
948 5167 1056 5233 mittet
1082 5167 1124 5234 uel
1146 5167 1331 5234 renaudum.
1376 5165 1518 5246 Quatuor
1538 5174 1645 5234 autem
1670 5166 1745 5233 ville
1766 5167 1799 5232 in
1820 5166 1935 5251 quibus
1952 5165 2055 5234 arciri·

501 5265 665 5351 episeopus
685 5268 877 5336 mansionem
896 5269 1058 5336 consuevit
1079 5269 1205 5353 habore,
1226 5271 1371 5338 videlicet
1399 5267 1527 5350 Loviob,
1558 5268 1646 5352 Slnp,
1674 5267 1817 5354 Uneyov,
1842 5275 1877 5336 et
1906 5267 2055 5350 Ssamva,
