4574 6240
1492 835 1567 922 Nu.
1599 835 1670 922 41.
1711 917 1721 929 ,

908 1032 1149 1118 Innocentius
1175 1032 1239 1139 Pp.
1266 1032 1331 1116 111
1358 1037 1496 1117 1207
1523 1033 1609 1118 lan.
1636 1030 1822 1129 4,1tomo
1848 1030 2003 1135 spuis
2030 1029 2197 1134 Petrum3
2229 1048 2287 1117 uu

804 1153 954 1223 Polonlce
975 1153 1117 1236 mandat,
1139 1158 1178 1221 ut
1199 1152 1368 1222 electiones
1386 1154 1590 1222 ecclesiarum
1611 1152 1804 1237 acopioulis
1826 1151 2013 1236 permittant
2034 1150 2134 1218 libere
2155 1149 2243 1219 celeb
2266 1182 2269 1205 2

910 1255 1085 1339 Brlpsoipny
1105 1265 1135 1322 et
1157 1258 1200 1321 due
1227 1259 1319 1324 scat.
1342 1260 1526 1338 Diplomcta,
1549 1260 1675 1324 cccmus
1693 1264 1751 1321 ete.
1773 1256 1823 1336 II,
1841 1275 1875 1336 p.
1898 1255 1995 1321 1032.

909 1459 1074 1530 Universis
1094 1459 1227 1528 ducubus
1248 1461 1281 1527 ιιι
1292 1460 1424 1529 Polonia
1443 1460 1634 1529 constitutis.
1655 1459 1809 1541 Quoniam
1822 1459 1856 1527 in
1870 1457 2001 1527 Polonie
2015 1456 2160 1543 partibus
2174 1458 2281 1544 aliquo

807 1571 845 1633 ut
865 1564 1053 1648 accepimus,
1076 1563 1246 1631 insolentia
1265 1563 1360 1630 nimis
1382 1562 1415 1629 iu
1430 1563 1609 1631 libertatem
1631 1562 1875 1630 eeclesiasticam
1896 1560 2117 1644 debacchatur,
2140 1561 2195 1644 qui
2209 1560 2271 1629 sibi

807 1667 910 1736 dones
932 1667 1093 1753 possulum
1114 1671 1319 1750 usurpantes,
1353 1684 1410 1750 per
1430 1666 1560 1734 clericos
1582 1665 1624 1733 ad
1642 1684 1722 1751 quos
1743 1666 1904 1750 pertinent
1924 1683 1988 1733 non
2008 1664 2120 1730 sinunt
2139 1682 2193 1731 ess
2214 1683 2287 1734 cen·

808 1768 970 1854 celebrari,
992 1770 1231 1839 uniuersitatem
1245 1777 1384 1837 uestram
1398 1788 1561 1838 monemus
1582 1769 1738 1837 attentius
1751 1774 1785 1836 et
1800 1766 1966 1836 hortemur
1985 1786 2043 1852 per
2055 1766 2231 1852 apostolius
2249 1795 2255 1824 :

807 1871 867 1942 sub
889 1873 1146 1942 interminatione
1168 1872 1380 1940 anathematis
1402 1871 1594 1956 inhibentes,
1631 1890 1672 1940 ne
1697 1873 1731 1938 ιιι
1753 1870 1959 1940 electioussum
1980 1871 2059 1956 ipsis
2082 1869 2254 1956 quidquam
2286 1902 2287 1910 ι

805 1994 961 2062 usurpare
979 1974 1143 2061 temptetis
1161 1975 1301 2043 indebite
1322 1976 1504 2060 potestatis,
1526 1975 1582 2043 sod
1604 1975 1711 2060 potios
1733 1973 1927 2058 permittatis
1948 1973 2076 2042 eosdem
2092 1973 2285 2042 acanonicis

806 2077 930 2147 clericis
951 2078 994 2147 ad
1015 2096 1094 2164 quos
1115 2084 1262 2162 spectant
1283 2084 1350 2145 tam
1372 2077 1521 2145 canonice
1542 2095 1637 2163 quam
1658 2076 1757 2144 libere
1778 2076 1948 2158 celebrari,
1967 2075 2127 2162 quoslibet
2147 2083 2252 2144 vestre
2270 2077 2283 2144 i

806 2179 938 2248 dictioni
959 2180 1134 2264 subiectos,
1156 2180 1213 2265 qui
1234 2187 1346 2248 contro
1367 2179 1587 2247 inhibitione·
1608 2178 1814 2264 apostolicum
1834 2178 2006 2265 qumquam
2027 2187 2148 2247 temere
2167 2197 2241 2264 pres
2272 2210 2286 2240 n

805 2283 873 2351 rint
892 2288 1069 2366 attentare,
1090 2284 1308 2351 ammeritate
1329 2299 1389 2350 sus
1408 2287 1569 2368 potestate
1590 2281 1678 2349 vobis
1699 2280 1820 2348 madita
1841 2287 2084 2366 compescentes.
2127 2281 2246 2350 mmm
2279 2294 2286 2311 ·

735 2453 738 2461 .
806 2383 892 2471 opud
913 2391 1057 2455 motum
1076 2384 1207 2454 Petrum
1225 2384 1362 2454 mcundo
1384 2383 1494 2453 Nonas
1515 2382 1666 2469 Ianuarii,
1687 2402 1771 2452 enno
1792 2401 1885 2453 nono.

1497 2682 1573 2770 Nr.
1602 2678 1675 2770 42

913 2877 1156 2963 Innocentius
1173 2876 1240 2984 ep.
1256 2877 1323 2961 111
1349 2881 1490 2962 1207
1507 2877 1594 2964 lan.
1606 2881 1655 2976 4,
1679 2877 1793 2962 Bonum
1810 2877 1911 2981 opud
1927 2898 1956 2960 a
1974 2877 2146 2984 Petrum3
2169 2894 2281 2964 mmm

808 2996 921 3074 ducem
941 2997 1091 3066 Poloniae
1112 2998 1153 3066 de
1171 2996 1385 3068 obstinatione
1405 3016 1465 3068 sua
1485 2998 1650 3084 redarguit
1670 3004 1705 3068 ot
1717 2998 1952 3085 perpetratione
1971 2997 2143 3082 malorum,
2161 3005 2196 3070 et
2216 2996 2259 3068 bo
2286 3032 2287 3051 ι

808 3099 851 3169 ed
871 3099 1127 3187 resipiscendum
1173 3133 1175 3137 ⁷
1851 3168 1856 3178 .

914 3201 1089 3287 Modone
1109 3212 1140 3271 et
1154 3207 1197 3270 da
1223 3207 1314 3272 ibeit
1337 3207 1521 3287 prnoto,
1540 3207 1668 3272 obortae
1688 3211 1744 3270 ete.
1767 3205 1817 3287 11,
1831 3224 1866 3286 pa
1880 3199 1978 3272 1028.

910 3405 1019 3477 Nobili
1039 3408 1107 3477 uiro
1128 3408 1202 3477 duci
1223 3407 1407 3493 wladislao,
1430 3409 1578 3494 spiritum
1599 3407 1722 3478 consilii
1742 3407 1886 3476 sanioris
1930 3406 2166 3494 Interrogamus
2188 3413 2221 3477 te
2251 3408 2283 3466 ι’

809 3510 917 3581 eordie
938 3510 984 3579 lili
1002 3512 1125 3580 utinam
1146 3518 1180 3580 et
1202 3531 1265 3580 non
1286 3512 1349 3581 icet
1381 3531 1444 3598 quc
1464 3513 1508 3581 sit
1528 3513 1592 3579 ista
1613 3511 1728 3580 fiducia
1749 3529 1813 3596 qus
1834 3509 1982 3594 confidis,
2015 3519 2073 3578 aut
2098 3529 2162 3594 qua
2181 3509 2286 3578 ιοιιιι

808 3613 861 3683 sel
882 3613 1012 3683 oonsilio
1034 3614 1183 3701 dbponm
1206 3616 1371 3684 altissimo
1392 3615 1561 3698 rebellare,
1595 3615 1670 3700 oui,¹
1690 3632 1761 3682 cum
1782 3612 1980 3699 exigenbbus
2000 3613 2188 3698 culpistuis
2206 3612 2249 3680 ab
2268 3613 2279 3679 i

808 3713 889 3786 mele
909 3716 954 3785 sis
976 3718 1111 3801 eiectus,
1133 3718 1297 3786 consilium
1316 3717 1399 3787 iorte
1421 3719 1542 3804 cogitas
1563 3717 1649 3804 quod
1669 3736 1733 3786 non
1754 3719 1876 3803 poteris
1897 3717 2051 3800 stabilire,
2073 3723 2111 3783 ot
2129 3715 2171 3783 ab
2192 3717 2262 3802 ipso

809 3820 887 3889 dens
908 3819 1012 3889 locum
1034 3820 1094 3890 tibi
1111 3821 1224 3907 refugii
1246 3824 1386 3908 reperias
1406 3829 1514 3908 preter
1534 3822 1654 3907 ipsum,
1694 3823 1749 3907 qui
1779 3819 1920 3906 proiecto
1952 3819 1980 3887 si
2014 3819 2048 3886 in
2067 3818 2168 3888 celum
2190 3837 2284 3887 meo

807 3922 875 3993 illic
900 3931 960 4008 est,
982 3930 1017 3995 et
1036 3925 1064 3992 si
1085 3925 1183 3992 etium
1215 3926 1249 3992 in
1284 3925 1442 3995 infernum
1475 3925 1673 3994 descenderis
1702 3925 1747 3993 ibi
1769 3924 1884 3992 adest?
1915 3922 1983 4004 Quo
2004 3929 2038 3990 te
2058 3921 2105 3990 fili
2127 3922 2262 3990 hominis

719 4035 736 4069 '=
809 4027 891 4095 tatio
912 4026 1134 4113 apprehendit,
1175 4033 1214 4094 ut
1238 4030 1480 4114 promriootioui
1501 4028 1783 4112 prevaricationem
1800 4045 1976 4113 apponens,
2002 4024 2263 4093 damnabilitate

809 4135 843 4198 te
855 4148 920 4200 nou
933 4135 1058 4198 metuas
1080 4137 1192 4198 eontra
1209 4131 1322 4215 Deum,
1345 4132 1437 4216 qussi
1455 4131 1558 4198 lutum
1580 4136 1691 4199 oontm
1711 4128 1842 4214 figulum
1863 4129 1997 4213 cogites,
2019 4147 2057 4195 oc
2076 4127 2190 4195 factori
2212 4136 2268 4195 tuo

810 4249 873 4300 non
895 4231 1007 4301 iecerit
1027 4238 1070 4314 te,
1093 4233 1251 4301 insultes?
1294 4233 1361 4315 Quo
1379 4240 1413 4301 te
1434 4234 1562 4317 inquam
1581 4250 1681 4316 prava
1702 4231 1844 4300 seductio
1865 4232 1929 4298 dur
1950 4230 2087 4314 seduxit,
2110 4237 2147 4297 ιιι
2164 4230 2287 4301 tametio

808 4333 954 4419 abigeum
975 4334 1035 4402 tibi
1055 4333 1185 4417 iaceres,
1209 4337 1263 4421 qui
1284 4336 1420 4403 oliomm
1442 4334 1554 4402 ducem
1576 4340 1609 4402 te
1630 4335 1777 4402 debueris
1798 4333 1967 4402 exhiberet
1986 4331 2150 4418 Numquid
2171 4331 2278 4400 idcod

809 4434 965 4504 Dominus
986 4443 1020 4505 te
1040 4438 1227 4520 coustituit,
1260 4444 1297 4505 ιιι
1318 4439 1352 4505 in
1373 4440 1537 4506 seruitutis
1558 4437 1763 4524 opprobrium
1780 4437 2026 4506 molestasticsm
2048 4435 2278 4510 deducerestli

810 4540 897 4607 tem?
940 4537 1102 4625 Numquid
1121 4539 1192 4607 ideo
1214 4538 1273 4607 tibi
1293 4540 1419 4624 gladius
1451 4546 1502 4608 est
1522 4540 1563 4608 ab
1584 4541 1654 4625 ipso
1676 4540 1828 4624 collatus,
1861 4545 1899 4606 ut
1919 4558 2049 4608 acueres
2071 4539 2173 4623 ipsum
2195 4537 2281 4606 iuvi

810 4640 925 4710 blattis
948 4644 1023 4710 luel
1058 4644 1110 4708 Au
1133 4643 1249 4710 idcirco
1280 4642 1421 4710 subdidit
1450 4642 1508 4711 tibi
1530 4643 1679 4728 populos,
1712 4649 1750 4710 ut
1771 4644 1804 4710 in
1825 4661 1954 4710 snomm
1975 4642 2192 4709 ministrorum
2214 4639 2284 4709 enci

810 4744 936 4813 illomm
958 4745 1077 4812 uiribus
1099 4744 1290 4811 armareris?
1326 4745 1447 4830 Collige
1473 4764 1585 4814 sensus
1614 4753 1687 4813 tuos
1716 4752 1842 4815 etcum
1872 4746 1950 4830 ipsis
1975 4742 2106 4829 iugrode
2133 4744 2167 4811 in
2196 4750 2230 4812 te
2253 4744 2286 4827 ip

810 4853 993 4932 ausumque
1013 4847 1057 4913 sit
1077 4849 1225 4932 potencia
1255 4855 1312 4916 cuc
1333 4849 1481 4918 subtilius
1503 4850 1643 4931 intuere,
1680 4849 1793 4916 metire
1813 4848 1896 4916 vires
1917 4867 1955 4915 ao
1974 4848 2110 4915 virtutos
2131 4866 2282 4914 enumero

808 4948 881 5017 eide
901 4950 929 5016 sl
951 4947 1137 5017 fortitudine
1159 4956 1216 5017 tos
1237 4969 1346 5034 posses
1369 4949 1489 5018 christi
1512 4950 1686 5018 Ecclesiam
1709 4951 1817 5018 taliter
1838 4949 2023 5017 conculcare
2041 4949 2103 5015 nisi
2126 4956 2159 5016 te
2181 4949 2250 5034 ipse

809 5055 914 5119 utum
935 5051 1062 5119 illarum
1084 5052 1183 5135 copiis
1202 5051 1379 5134 extulisset,
1402 5053 1471 5120 sinc
1493 5053 1615 5137 quibus,
1634 5052 1696 5119 etsi
1714 5071 1840 5135 gomses
1863 5050 1997 5120 forsitan
2018 5053 2053 5119 in
2074 5051 2239 5121 volontate
2262 5057 2287 5118 ι

809 5153 925 5236 uidem,
947 5172 1147 5238 nequaquam
1171 5159 1279 5221 tanuen
1301 5153 1433 5222 haberes
1456 5154 1488 5221 in
1513 5161 1545 5221 te
1567 5153 1746 5221 huiusmodi
1767 5159 1970 5238 potsteteue
1990 5153 2141 5238 Magnum
2164 5160 2197 5221 te
2218 5153 2250 5221 io

810 5261 915 5342 putas,
937 5256 991 5322 seul
1011 5255 1116 5340 quoad
1137 5275 1220 5324 sanc
1242 5256 1350 5323 mundi
1373 5256 1543 5339 mastralis,
1565 5262 1599 5324 to
1620 5262 1770 5340 reputare
1792 5275 1855 5323 nou
1877 5254 1971 5322 dobes
1993 5255 2048 5323 illo
2064 5257 2284 5340 potentissimo

810 5359 971 5440 maiorem,
994 5359 1048 5444 qui
1071 5359 1219 5442 quoniam
1236 5377 1332 5443 super
1353 5377 1388 5425 se
1408 5358 1579 5425 Dominum
1598 5377 1661 5425 ιιοιι
1682 5358 1838 5441 coguovit,
1860 5356 1979 5424 iustum
1993 5357 2144 5424 iudicium
2158 5358 2191 5425 iu
2206 5359 2287 5424 best

809 5480 882 5530 eum
904 5461 1047 5529 habitum
1070 5461 1259 5530 iumuutaeit.
1302 5460 1369 5530 Noc
1392 5461 1549 5529 tefuerit
1578 5460 1708 5529 interior
1729 5480 1785 5529 rex
1807 5458 1906 5528 lsrael
1928 5458 2107 5542 Monaeses,
2145 5460 2285 5547 quiquo

808 5554 996 5632 dominicam
1018 5565 1194 5648 potoostiom
1216 5563 1383 5648 iguuoosuit,
1403 5563 1563 5632 olouusinica
1584 5565 1729 5648 potentia
1750 5564 1854 5648 ipsum
1876 5570 2017 5631 extremo
2031 5564 2210 5647 captivitati
2226 5562 2286 5629 sub
