4574 6240
685 491 733 568 32

683 699 778 778 ten-c,
807 693 959 778 quasdam
985 695 1163 781 abusiones¹
1177 703 1210 763 et
1235 695 1346 788 solitas
1375 694 1504 762 iniurias
1529 694 1571 762 ab
1594 693 1736 762 Ecclesia
1768 698 1803 761 et
1830 690 1973 777 personis
2006 688 2219 770 ecclesiasticis

683 799 856 883 amputasti
878 799 1105 881 constituendo,
1131 818 1171 867 ue
1200 799 1284 866 bona
1311 799 1528 866 decedentium
1560 799 1776 883 episcoporum
1804 794 1940 881 amplius
1972 795 2219 874 confuscarentbr.

685 899 900 969 Constitutum
923 908 973 969 est
994 902 1102 983 odam,
1125 902 1201 969 atsi
1216 902 1371 986 quispiam
1393 902 1426 967 in
1448 920 1499 968 res
1521 898 1660 967 defuncti
1675 899 1811 984 episcopi
1841 918 1952 968 manus
1977 899 2130 981 iniecerit,
2158 905 2220 974 vie

683 1004 762 1073 culis
784 1005 996 1073 anathematis
1018 1010 1174 1086 teneatur,
1195 1023 1255 1071 nec
1275 1011 1439 1088 presumat
1451 1004 1534 1070 ullus
1549 1009 1711 1086 raptorum
1726 1001 1874 1071 defuncto
1889 1003 2034 1087 episcopo
2048 1005 2221 1093 succedere,

682 1107 783 1176 donec
803 1106 1008 1175 absolutionis
1035 1108 1218 1176 benelicium
1242 1115 1438 1191 assequatur,
1468 1107 1583 1175 ablatis
1610 1107 1777 1188 restitutis,
1806 1107 1857 1174 vel
1885 1105 2062 1174 ablatorum
2091 1123 2223 1191 congrua

684 1211 884 1280 estimatione
910 1212 1072 1294 premissa
1122 1210 1386 1278 Consuetudinem
1413 1217 1520 1278 autem
1548 1229 1611 1294 quc
1639 1229 1661 1277 a
1688 1209 1881 1294 principibus
1909 1215 1996 1276 terre
2024 1207 2220 1283 servabatur:

684 1313 833 1381 videlicet
851 1319 889 1379 ut
909 1331 1105 1397 quocumque
1127 1320 1295 1399 pergerent
1308 1314 1496 1398 pompatice,
1511 1312 1694 1380 invadentes
1707 1312 1823 1381 horrea
1835 1331 2010 1396 pauperum
2025 1323 2223 1401 evacuarenq

572 1508 574 1514 ,
685 1421 719 1485 et
740 1417 769 1483 si
789 1416 1037 1484 interabsentes
1058 1417 1185 1501 aliquod
1207 1416 1355 1501 negotioli
1384 1418 1572 1501 quandoque
1598 1416 1804 1500 contingeret,
1825 1415 1915 1499 impii
1934 1414 2089 1482 satellites
2109 1414 2241 1495 umor„

687 1525 805 1602 rentes,
826 1524 935 1604 raptos
956 1539 1169 1604 quoscumque
1189 1519 1327 1587 caballos
1349 1520 1399 1587 vel
1421 1525 1610 1587 enervarent
1633 1520 1770 1601 incursu,
1797 1518 1848 1586 vel
1869 1517 1994 1585 omnino
2015 1517 2223 1590 destruerent:

684 1621 726 1691 de
745 1621 1028 1690 ecclesiasticorum
1049 1628 1084 1690 et
1104 1623 1291 1691 secularium
1313 1623 1441 1691 consilio
1462 1622 1647 1690 emendasti
1680 1621 1783 1703 Unde,
1804 1621 1952 1709 quoniam
1973 1619 2225 1692 constitutionem

687 1730 776 1793 mam
797 1724 913 1792 iustam
935 1726 1054 1809 pariter
1075 1733 1109 1793 et
1138 1726 1302 1794 honestam
1323 1727 1514 1794 auctoritate
1539 1732 1649 1793 nostm
1676 1725 1819 1810 postulas
1839 1723 2031 1792 confirmari:
2056 1740 2113 1789 nos
2138 1723 2225 1794 iustis

688 1827 953 1915 postulationibus
985 1835 1170 1911 annuentes,
1203 1829 1459 1897 constitutionem
1491 1829 1710 1914 proscriptam,
1741 1828 1826 1897 deut
1848 1828 1883 1895 in
1904 1827 2023 1911 scripto
2048 1825 2225 1896 authentico

687 1947 783 2016 super
803 1929 863 1998 boc
883 1930 1028 2013 babetur,
1049 1932 1224 2016 apostolica
1244 1933 1435 2000 auctoritate
1456 1932 1676 2000 condmaamus
1697 1937 1732 2000 et
1750 1931 1908 2017 presentis
1927 1931 2038 2016 scripti
2058 1932 2227 2015 patrocinio

545 2083 547 2089 -
688 2034 929 2116 communimus,
950 2033 1009 2101 sub
1030 2034 1287 2103 interminatione
1307 2036 1519 2103 anathematis
1532 2035 1745 2121 prohibentes,
1767 2035 1893 2118 nequis
1906 2054 1978 2103 mm
1992 2035 2110 2102 violare
2125 2033 2227 2118 aliqua

687 2136 811 2204 ratione
831 2143 1004 2221 presumat
1047 2136 1136 2204 Nulli
1157 2157 1231 2222 ergo
1253 2139 1380 2206 omniuo
1401 2139 1560 2207 hominum
1591 2139 1688 2206 liceat
1711 2138 1794 2207 banc
1815 2139 1964 2222 pagiuam
1990 2144 2098 2204 nostre
2119 2137 2227 2204 condr-

689 2238 837 2308 matlonis
859 2239 1039 2324 infringere,
1056 2240 1160 2307 velei
1187 2259 1268 2307 ausu
1289 2241 1457 2308 temerario
1479 2241 1646 2308 contraire.
1683 2239 1718 2307 si
1739 2240 1811 2325 quis
1829 2244 1937 2308 autem
1959 2238 2020 2306 lroc
2039 2244 2227 2323 attemptare

689 2342 925 2428 presumpserit,
947 2341 1193 2427 indignationem
1214 2345 1440 2429 omnipotentis
1453 2345 1514 2412 Dei
1528 2351 1563 2414 et
1576 2343 1740 2413 beatorum
1761 2344 1850 2411 Petri
1864 2349 1899 2412 et
1912 2343 2005 2411 Pauli
2018 2343 2227 2428 apostolorum

632 2499 637 2507 .
690 2445 758 2514 eius
789 2463 826 2512 se
858 2447 980 2514 noverit
1012 2447 1221 2515 incursurum.
1268 2447 1395 2516 Datum
1417 2448 1585 2517 Tusculani
1615 2448 1646 2514 V
1676 2446 1837 2516 Kalendas
1868 2447 2003 2531 Aprilis,
2032 2444 2229 2532 pontificatus

691 2566 774 2618 anno
794 2547 881 2616 XXL
1857 2565 1859 2569 ’

1376 2715 1451 2801 Nr.
1477 2711 1546 2802 26.

767 2967 769 2971 Α
795 2873 929 2960 blesim
956 2876 1034 2962 dux
1059 2875 1209 2962 Polonie
1235 2883 1335 2963 1181
1360 2878 1448 2984 dpr.
1475 2879 1532 2980 eo,
1560 2878 1719 2983 duacum
1749 2897 1928 2967 maturas
1953 2891 2102 2965 'aarum
2127 2911 2231 2962 meas

692 2996 784 3066 sterii
803 2996 845 3066 dc
866 2996 936 3085 lqd
953 3000 1162 3085 amplissimas
1184 3002 1350 3071 libertates
1371 3001 1502 3070 confert

769 3112 770 3115 ’
797 3102 930 3168 humb
974 3106 1092 3184 vomat
1115 3109 1220 3170 &aare
1240 3111 1329 3173 Ascle
1351 3110 1544 3189 lma-iptioa
1567 3107 2067 3186 rememorarentur.
2097 3106 2141 3184 (Ζ
2148 3123 2231 3186 pera

693 3213 1193 3296 mcpaerzmempeezfcq).
1825 3200 1830 3210 ’

797 3391 836 3461 Ιιι
856 3393 982 3464 nomino
1003 3393 1130 3464 Domini
1149 3416 1251 3466 amen.
1295 3397 1449 3481 Quoniam
1476 3419 1516 3471 ea
1544 3419 1606 3486 que
1634 3404 1789 3485 gematur
1815 3400 1850 3468 ia
1872 3405 2015 3485 ternpore
2035 3397 2233 3482 inermem

695 3496 847 3582 temporis
868 3496 1059 3582 dilabentem,
1082 3518 1209 3569 neeme
1230 3507 1281 3570 est
1300 3507 1340 3570 ut
1359 3504 1469 3590 scripti
1489 3504 1670 3572 testimonio
1691 3502 1889 3573 roborentur.
1917 3501 2021 3588 Igitur
2039 3519 2097 3568 uos
2118 3498 2233 3567 blesim

694 3597 757 3668 Del
775 3599 883 3685 gracia
902 3600 967 3668 dax
986 3601 1117 3671 Polouie
1138 3611 1248 3673 notum
1270 3624 1340 3674 esse
1360 3608 1505 3676 volumus
1523 3613 1589 3676 tam
1609 3606 1809 3694 presentebus
1829 3624 1926 3694 quam
1946 3602 2071 3684 sumtis,
2092 3599 2177 3690 (ιιιοᾱ
2196 3597 2234 3666 “¹

695 3702 985 3789 interpellacionem
1007 3707 1195 3776 venerabilis
1216 3711 1316 3796 patris
1346 3711 1478 3780 Arnoldi
1503 3711 1628 3780 abbatis
1652 3712 1763 3780 domus
1785 3708 1961 3778 hndeasis
1975 3705 2101 3775 Ordinis
2121 3703 2236 3773 cister·

696 3806 858 3889 ciendum,
880 3812 915 3874 et
934 3807 974 3875 cb
996 3811 1169 3880 remedium
1189 3820 1369 3882 nostrorum
1390 3815 1605 3902 peccaminum
1626 3819 1662 3883 et
1680 3813 1820 3882 omniurn
1839 3818 2037 3899 posterorum
2051 3814 2235 3884 amborum.
2271 3808 2274 3812 ’

685 3907 886 3978 absolvimus
908 3911 1050 3982 homines
1072 3915 1105 3981 iu
1127 3916 1270 3984 omuibus
1284 3918 1367 3984 villis
1386 3918 1527 4003 predicte
1545 3918 1657 3986 domus
1672 3922 1910 3998 commorantes,
1932 3920 1999 3982 tam
2017 3912 2132 3981 liberos
2145 3925 2235 3994 quam

696 4013 906 4099 asscripticios
932 4016 998 4083 sive
1019 4020 1250 4087 mercennarios
1269 4021 1302 4088 in
1323 4022 1496 4106 gurgustiis
1516 4022 1657 4106 ipsoram
1684 4021 1910 4112 servientesa
1936 4036 2045 4104 povoa,
2069 4015 2236 4100 aprewtb

694 4135 719 4186 a
738 4121 853 4200 straza,
875 4135 896 4184 a
915 4117 1008 4185 dania
1029 4119 1100 4204 (sic)
1121 4139 1227 4204 aaran,
1249 4123 1435 4209 podvorove,
1457 4129 1597 4210 tangore,
1618 4123 1774 4207 mostbne,
1795 4140 1817 4191 a
1837 4128 2015 4192 castrorum
2034 4118 2155 4186 edificio
2173 4116 2235 4182 sive

696 4221 843 4306 poncium
864 4222 1085 4306 quorumlibet,
1103 4244 1124 4291 a
1144 4225 1327 4310 rccepcioue
1347 4244 1404 4294 seu
1425 4227 1568 4295 custodis
1595 4227 1646 4295 vel
1674 4226 1831 4294 conductu
1859 4225 2113 4305 castorariomm,
2142 4240 2164 4287 a
2187 4234 2236 4286 cv·
2262 4237 2265 4243 ’

698 4322 804 4391 stedia
822 4324 873 4390 vel
895 4325 1053 4394 solucione
1073 4327 1251 4395 crodiorum
1275 4330 1360 4414 quod
1384 4331 1475 4398 sokol
1499 4330 1625 4413 dictem
1652 4349 1673 4398 a
1700 4330 1817 4397 vicinia
1843 4327 1928 4414 qaod
1953 4327 2046 4412 opole
2070 4323 2238 4409 vulgariter

698 4433 907 4513 nuncupatur,
929 4429 969 4496 ab
991 4431 1076 4498 omui
1096 4432 1262 4502 exaccione
1283 4435 1350 4502 sive
1371 4435 1571 4517 colleccioue,
1600 4455 1622 4502 a
1646 4433 1784 4501 vecturis
1806 4431 1840 4501 e't
1860 4428 2124 4517 expediciouibus,
2146 4433 2181 4495 et
2199 4422 2236 4491 eb

699 4531 843 4600 omnibus
863 4532 984 4602 iuribus
1004 4534 1038 4601 in
1057 4535 1189 4604 Polonia
1207 4537 1388 4604 constitutis
1409 4537 1646 4621 quibuscunque
1661 4542 1849 4605 censeantur
1860 4534 2053 4615 nominibus;
2074 4532 2237 4611 nulllemo

700 4635 942 4704 castellanorum
971 4643 1028 4705 aut
1055 4639 1193 4707 iudicum
1222 4641 1341 4708 dtandi
1365 4642 1432 4709 sive
1460 4640 1619 4708 iudicandi
1651 4640 1685 4707 in
1717 4637 1849 4726 prefatis
1878 4636 2055 4706 hominibus
2082 4635 2132 4703 vcl
2160 4628 2238 4699 villis

700 4757 809 4809 eornm
829 4741 880 4808 ius
901 4742 1027 4825 aliquod
1048 4749 1256 4811 reservantes.
1300 4744 1343 4811 Et
1364 4751 1402 4811 ut
1422 4745 1481 4812 hoc
1502 4748 1646 4810 nasutum
1671 4744 1824 4828 scriptum
1851 4741 1891 4809 ad
1919 4740 2070 4808 honorem
2091 4739 2151 4806 Dei
2172 4749 2238 4801 sate

700 4849 814 4928 cteque
833 4844 997 4928 genitricis
1018 4844 1158 4913 eiusdem
1180 4864 1304 4932 semper
1325 4846 1453 4931 virginis
1482 4846 1583 4914 llario
1612 4844 1709 4913 robur
1730 4850 1884 4930 perpetue
1904 4843 2065 4910 firmitatis
2093 4839 2239 4908 abuneat

700 4954 880 5034 presentem
902 4947 1045 5016 cedulam
1067 4949 1163 5032 sigilli
1184 4950 1285 5019 nostri
1310 4952 1500 5035 appensione
1531 4949 1678 5015 duximus
1709 4946 1926 5015 roborandam.
1971 4947 2089 5013 Datum
2118 4943 2240 5010 Gueaut

702 5051 737 5117 in
765 5056 877 5121 octava
900 5053 1002 5119 sancti
1031 5052 1195 5119 adalberti
1223 5072 1305 5120 enno
1335 5053 1462 5120 Domini
1493 5052 1661 5119 millesimo
1693 5050 1864 5119 centesimo
1894 5049 2105 5132 octuagesimo
2136 5044 2239 5130 primo-

571 5233 573 5237 ,
701 5153 812 5222 Testes
832 5161 938 5223 autem
960 5153 1052 5222 buius
1074 5161 1162 5222 sunt:
1184 5157 1340 5225 Iurossins
1364 5157 1533 5242 palatinus,
1566 5155 1680 5222 Broais
1704 5152 1905 5236 castellanus,
1934 5151 2029 5220 laneo
2054 5160 2240 5235 poccomore

702 5262 863 5333 οιιοιιιιιιι3
883 5262 1043 5348 pincerna,
1066 5261 1173 5330 Ylicus
1195 5261 1377 5346 capellanus
1399 5259 1548 5348 etssquam
1570 5258 1678 5342 plures
1704 5257 1771 5325 elit

807 5450 991 5535 mensu,
1013 5454 1068 5529 tj.
1091 5453 1129 5517 dc
1152 5453 1226 5538 qu
