4574 6240
693 513 742 589 34

693 710 811 794 lenda,
844 712 950 779 villam
972 729 1062 777 suum
1084 730 1146 796 que
1168 709 1378 778 Seorbossovo
1410 708 1584 791 vulgariter
1604 709 1788 776 nominatur
1826 713 1979 792 perpetuo
2011 710 2148 779 contulit
2176 718 2216 790 ior

690 814 911 899 possidendum
929 815 970 883 ob
990 814 1162 881 remedium
1184 815 1288 880 anime
1310 832 1365 879 suc
1385 817 1420 878 et
1437 812 1576 878 omnium
1598 817 1765 895 parentum
1786 830 1926 887 suorum.
1961 817 2027 877 turri
2048 812 2216 895 produces&

695 936 766 984 rum
787 937 882 1003 quam
905 918 1203 1002 subsequebdorum.
1226 916 1275 982 Ne
1296 916 1394 1000 igitur
1415 916 1472 982 hec
1494 915 1547 999 pia
1568 915 1699 982 donacio
1721 934 1779 998 per
1799 915 1936 998 aliquem
1955 915 1987 979 in
2003 920 2165 996 posterum
2179 941 2216 991 m

691 1019 841 1101 lestetur,
874 1026 1053 1105 presentem
1074 1021 1221 1104 paginam
1243 1019 1355 1085 exinde
1377 1019 1586 1100 conscriptum
1608 1019 1711 1085 nostri
1731 1018 1827 1101 sigilli
1849 1017 2023 1083 munimine
2044 1017 2216 1097 fecimusrq

692 1121 808 1188 bereri.
830 1120 929 1189 Cuius
940 1122 987 1188 rei
1003 1127 1102 1188 testes
1119 1127 1208 1188 sunt:
1231 1121 1386 1187 Iorostius
1401 1120 1570 1204 palatinus,
1593 1120 1706 1188 Bronis
1722 1120 1914 1187 castellanus
1929 1119 2130 1200 Gnezsensis,
2152 1121 2277 1208 Oddrffl

691 1221 783 1289 lanus
804 1225 963 1308 pincerna,
986 1223 1095 1290 Ylieus
1116 1223 1297 1307 capellanus
1317 1228 1351 1289 et
1369 1241 1464 1307 quom
1485 1223 1592 1306 plures
1614 1222 1679 1288 ulii.
1702 1223 1820 1289 Datum
1841 1223 1875 1287 in
1898 1221 2063 1289 Gneasene
2085 1227 2216 1299 unnohq

691 1324 769 1392 mini
791 1324 957 1392 millesimo
979 1326 1149 1393 centesimo
1171 1325 1361 1409 octogesimo
1383 1330 1505 1407 octavo,
1528 1325 1561 1391 in
1582 1329 1695 1393 octava
1716 1326 1818 1392 sancti
1838 1325 2014 1428 huetberti

796 1493 915 1579 buda,
936 1499 1015 1584 lod.
1037 1494 1256 1579 Scurbossovo,
1282 1498 1501 1564 Sdmboeune.

1380 1771 1558 1862 eaeo.
2234 1679 2278 1840 tl

752 2053 755 2059 .
797 1987 1020 2072 Benedictus
1045 1986 1287 2072 Pomeniens.
1314 1989 1470 2093 episcop.
1496 2009 1526 2072 s.
1552 1985 1594 2073 a'
1614 1989 1650 2072 d
1668 1988 1750 2074 etl.
1775 1991 1969 2094 (1191?);
1996 2006 2165 2078 obfirmat
2181 2011 2220 2083 m

693 2111 797 2180 tribus
810 2109 988 2194 Hospitdia
1009 2107 1254 2177 lerosolimitaui
1276 2110 1504 2193 possessiouem
1527 2110 1678 2178 eeclesiae
1698 2129 1724 2177 s.
1739 2110 1905 2183 Michaelis
1927 2112 1960 2177 in
1974 2110 2102 2180 Poznari
2117 2118 2151 2179 et
2164 2114 2220 2184 deo*

692 2232 763 2282 mas
784 2211 982 2299 quarundam
1002 2211 1166 2290 villarum,
1200 2232 1222 2280 a
1242 2211 1481 2296 praedecessore
1498 2229 1557 2280 suo
1577 2212 1749 2282 mucram
1781 2213 1930 2298 episcopo
1950 2213 2069 2282 eudem
2094 2212 2221 2286 iratribn

694 2335 867 2387 concessae.

798 2424 915 2500 mapa
939 2422 1056 2484 oete.
1089 2424 1248 2498 mmmm
1285 2421 1408 2484 oeae
1429 2424 1560 2499 qaae»
1583 2421 1792 2484 tremonem
1825 2422 1927 2499 sopra
1948 2441 1975 2483 a
1989 2425 2125 2500 amose
2138 2429 2214 2504 pap·
2271 2467 2274 2514 ,

692 2542 812 2605 mum,
833 2525 1036 2603 bezpodoraio
1055 2522 1183 2599 irddlo3
1198 2528 1297 2603 plenu
1318 2525 1355 2588 X
1357 2525 1447 2588 VIII
1458 2526 1564 2588 ncta
1591 2521 1726 2598 emet,
1741 2525 1858 2603 louet
1870 2526 1977 2588 Stcotr
1994 2527 2085 2590 Arclt
2099 2445 2278 2608 Μαίνῃ.

693 2631 894 2694 Pomorum·
916 2645 947 2692 a.
972 2629 1065 2703 17⁷7,
1084 2630 1140 2706 sol.
1161 2627 1235 2690 229.

797 2779 980 2865 Innomine
1000 2796 1108 2864 Patris
1129 2803 1163 2864 et
1183 2796 1258 2864 Hilii
1280 2803 1314 2864 et
1336 2795 1473 2880 Spiritus
1495 2796 1598 2863 aneu
1619 2814 1722 2864 amera
1765 2795 1956 2885 Benedictus
1976 2797 2038 2866 Dei
2058 2799 2169 2883 gracia
2186 2801 2224 2868 Po

577 2922 586 2937 ·
692 2900 871 2968 mensis
892 2901 1073 2985 episeopus,
1103 2897 1256 2967 iratribus
1277 2898 1453 2982 Hospitalis
1475 2897 1748 2967 Hierosolimitani
1767 2900 1801 2967 in
1822 2906 2019 2986 perpetuum.
2063 2901 2224 2970 Notumsi

693 3003 838 3071 omuibus
869 3002 1069 3089 presentibus
1101 3008 1135 3069 et
1167 3000 1284 3069 futuris
1318 3000 1437 3069 Christi
1470 3000 1631 3084 fidelibus,
1664 3003 1750 3086 quod
1781 3003 2016 3072 illustrissimus
2037 3000 2103 3072 dux
2120 3005 2224 3073 Poloni

632 3137 635 3143 >
692 3106 822 3175 Mesobe
845 3123 927 3173 anno
949 3104 1181 3172 incarnationis
1202 3102 1357 3170 dominice
1377 3103 1652 3188 mchxxxvlu
1685 3107 1804 3172 intuitu
1825 3107 1956 3191 pietatis
1977 3113 2011 3174 et
2025 3106 2237 3189 misericordie,

693 3209 736 3279 ad
757 3209 907 3276 bonorem
929 3207 989 3274 Dei
1010 3207 1176 3290 sanctique
1197 3205 1361 3290 Sepulchri
1383 3213 1417 3274 et
1437 3205 1524 3274 beati
1544 3207 1694 3274 Iohannis
1715 3207 1872 3293 Baptiste‚
1895 3215 1934 3275 ut
1952 3227 1989 3276 se
2010 3227 2082 3276 eum
2105 3218 2238 3277 uxoreet

693 3311 800 3399 pueris
822 3310 974 3395 collegam
995 3308 1133 3378 efficeret
1163 3315 1262 3394 atque
1294 3310 1481 3394 participem
1513 3311 1654 3377 omnium
1674 3310 1944 3394 elcemosynarum
1973 3319 2006 3378 et
2028 3310 2238 3380 mnefidorum

694 3417 756 3501 que
777 3412 926 3481 membris
948 3411 1084 3494 Christi,
1118 3410 1309 3495 pauperibus
1331 3411 1452 3478 scilieet
1472 3413 1646 3496 peregrinis
1667 3417 1702 3479 et
1721 3412 1871 3495 infirmis,
1897 3413 2123 3498 impenduntur
2144 3435 2166 3482 a
2184 3413 2239 3482 ire·

693 3517 796 3585 tribus
817 3516 994 3600 Hospitalis
1015 3514 1313 3599 Hierosolymitani‚
1348 3514 1487 3582 eusdem
1508 3513 1686 3599 Hospitalis
1707 3513 1860 3583 fratribus
1879 3517 2013 3583 contulit
2042 3516 2171 3584 domum
2191 3517 2238 3582 bo

692 3618 840 3706 spitalem
859 3619 894 3686 iu
905 3618 1043 3700 Pernen,
1066 3636 1128 3702 que
1142 3618 1259 3685 dieitur
1282 3618 1384 3684 saneti
1395 3616 1569 3698 Michaelis,
1591 3618 1661 3685 iure
1673 3623 1828 3703 perpetuo
1845 3619 2077 3704 possidendam,
2100 3621 2149 3688 ite
2161 3636 2237 3686 sanc

693 3722 780 3809 quod
800 3722 835 3788 in
855 3739 895 3788 ea
915 3718 1054 3787 officium
1075 3720 1215 3786 divinum
1237 3720 1386 3787 canonice
1409 3717 1585 3786 celebretur
1606 3725 1639 3787 et
1659 3719 1850 3804 pauperibus
1868 3722 2042 3806 peregrinis
2074 3728 2173 3806 atque
2191 3720 2238 3786 bo

692 3822 829 3909 spitibus
850 3820 1099 3904 adsumentibus,
1122 3822 1293 3889 smnndum
1315 3822 1426 3890 domus
1448 3822 1643 3904 fucultatem,
1665 3822 1874 3890 humanitatis
1896 3824 2048 3908 obsequia
2067 3825 2239 3892 ministren-

694 3929 762 4007 tur;
790 3929 825 3992 et
842 3925 871 3991 si
892 3922 1028 4010 quando,
1050 3924 1178 3993 iuvante
1200 3923 1351 4006 Domino,
1373 3942 1471 4008 supra
1492 3925 1701 3992 nceoeeariam
1722 3943 1892 4009 expensam
1915 3925 2037 4011 pretate
2058 3926 2170 3994 domus
2191 3923 2239 3991 ali·

693 4026 771 4113 quid
791 4027 910 4112 poterit
930 4025 1094 4108 reservari,
1116 4031 1154 4092 ut
1166 4024 1282 4110 duplex
1296 4027 1340 4092 sit
1353 4025 1560 4110 eleemosyna
1583 4027 1624 4094 ad
1643 4027 1817 4102 subsidium
1838 4028 2052 4114 predictorum
2073 4044 2238 4113 pauperum

693 4134 728 4197 et
745 4127 940 4196 infirmorum
964 4127 1083 4195 Christi
1105 4128 1193 4196 ultra
1213 4147 1300 4196 marc
1322 4128 1569 4195 transmittatur.
1593 4129 1637 4196 Et
1648 4131 1798 4213 quoniam
1818 4129 1976 4215 prefatam
1997 4130 2126 4198 domum
2147 4125 2239 4198 saneti

692 4230 858 4300 llicbeelis
879 4231 1025 4298 dominus
1045 4229 1251 4312 Rodorauus,
1274 4232 1404 4314 quintus
1426 4236 1502 4298 ante
1520 4250 1579 4298 nos
1600 4231 1825 4300 Poznanieusis
1847 4235 2031 4319 episcopus,
2060 4235 2156 4302 simd
2177 4249 2238 4299 cau

694 4333 817 4420 pretato
837 4335 917 4402 duee
939 4333 1109 4401 Mesehone
1141 4334 1283 4400 noscitur
1316 4336 1511 4401 instaurasse
1544 4339 1578 4400 et
1599 4335 1639 4401 de
1660 4334 1847 4418 quibusdam
1869 4335 1998 4403 decimis
2019 4335 2239 4422 episcopalibus

694 4438 729 4505 iu
751 4435 946 4506 costrinensi
968 4437 1132 4522 provincia
1151 4437 1290 4519 dotasse,
1310 4454 1367 4521 ego
1389 4455 1514 4521 quoque
1536 4436 1726 4504 Benedictus
1741 4437 1801 4505 Dei
1821 4438 1930 4524 gracia
1943 4439 2169 4507 Poznanieusis
2183 4434 2239 4520 cpi

693 4557 808 4626 scopus
829 4539 968 4606 eiusdem
989 4538 1184 4622 eleemosyna
1205 4539 1481 4623 perticipationem
1503 4539 1642 4622 aliquam
1662 4541 1802 4622 gestiens
1816 4541 1964 4626 adipisci,
1988 4560 2097 4609 omnes
2111 4542 2240 4609 decimas

693 4660 774 4729 quas
795 4640 920 4726 prefata
937 4641 1069 4709 ecelesia
1090 4641 1193 4708 saneti
1214 4640 1379 4708 Michaelis
1401 4661 1422 4709 a
1442 4646 1583 4725 tempore
1605 4642 1739 4726 predicti
1760 4643 1924 4711 Radorani
1947 4663 2047 4729 usque
2068 4644 2111 4712 ad
2125 4662 2184 4711 uos
2197 4657 2239 4706 co

693 4744 856 4829 gematur
876 4742 1067 4828 pomedbm,
1103 4763 1168 4809 una
1196 4761 1267 4809 eum
1285 4743 1427 4827 prodicta
1448 4743 1581 4810 ecelesia
1612 4743 1754 4828 predicto
1776 4744 1938 4829 Hospitali
1971 4745 2240 4814 Hierosotimiuno

694 4846 825 4931 duaque
846 4843 1013 4927 iratribus,
1036 4846 1120 4912 sicut
1140 4864 1161 4913 u
1181 4845 1386 4928 glorisissime
1407 4844 1487 4913 duee
1507 4844 1678 4913 Meschone
1698 4847 1813 4915 collate
1834 4853 1920 4930 sunt,
1941 4850 2133 4916 auctoritate
2155 4840 2240 4914 michi

694 4947 845 5015 divinitus
872 4965 1019 5016 mucessa
1038 4948 1173 5015 concedo
1195 4948 1289 5014 simul
1311 4954 1344 5015 et
1365 4948 1534 5030 confirmo;
1575 4953 1609 5014 et
1629 4953 1668 5015 ut
1687 4949 1734 5016 cis
1754 4950 1863 5016 omnia
1884 4950 2027 5034 predicta
2053 4957 2127 5019 ratu
2148 4955 2181 5018 et
2201 4947 2240 5012 iu·

693 5050 843 5118 convulsa
863 5055 1079 5134 permaneant,
1101 5051 1196 5134 sigilli
1217 5050 1281 5117 mei
1303 5051 1489 5135 episcopalis
1511 5050 1712 5135 opposicione
1733 5050 1912 5119 corroboro.
1934 5051 2120 5138 Quicunque
2142 5056 2239 5121 auton

695 5151 741 5219 eis
761 5151 796 5219 in
817 5150 949 5236 prefatis
967 5151 1107 5237 aliquam
1128 5152 1275 5236 deinceps
1297 5152 1445 5220 iniuriam
1466 5151 1583 5220 inferre
1604 5153 1749 5237 voluerit,
1771 5153 1943 5222 nnatbema
1963 5156 2016 5223 sit
2038 5157 2152 5224 Amen.

798 5321 984 5391 Ecclesiae
1006 5320 1172 5391 llichaelis
1193 5321 1227 5389 in
1248 5323 1391 5407 Pernen,
1425 5324 1493 5389 uzu
1512 5324 1633 5390 rocem
1653 5325 1705 5392 in.
1728 5329 1812 5392 lura
1832 5328 2106 5409 Jerozolbaeticpo.
2129 5317 2241 5395 coetui

696 5424 814 5512 usuum,
835 5429 873 5493 de
894 5430 1053 5509 Ic'octrzpra
1848 5482 1852 5489 .
