4574 6240
926 613 1001 700 Nr.
1034 610 1134 702 224.

359 813 517 898 Prtmldl
543 814 621 896 dux
646 812 796 896 Pdldnib
822 815 960 896 1240
986 810 1065 896 lui
1091 816 1166 908 21,
1192 808 1292 913 apud
1309 807 1548 910 Mundznlk53
1567 821 1689 891 eonlert
1713 824 1813 894 ecclc·

258 938 323 1008 siae
343 933 445 1003 saneti
466 932 616 1001 Iohannis
637 933 671 1000 in
693 932 788 1000 Gieez
811 939 928 1002 sortem
950 950 1040 999 suom
1066 931 1269 1010 (leomarum,
1295 927 1397 997 eidem
1423 926 1572 996 ccclesiae
1602 925 1809 996 uliaoentem.

359 1035 496 1105 mmor.
542 1039 661 1102 noo.
697 1039 833 1117 mperes
881 1037 942 1103 so.
961 1038 1060 1116 pou
1081 1038 1116 1111 s,
1136 1037 1188 1098 ro.
1219 1035 1294 1100 11⁷.
1316 1068 1360 1084 -
1381 1029 1560 1115 namuco
1593 1033 1662 1096 coo.
1688 1034 1811 1114 aprum.

261 1143 371 1210 uoto.
394 1142 496 1206 roba
519 1140 572 1205 1⁷.

361 1341 547 1411 innomine
568 1347 679 1410 sancte
699 1341 867 1410 Trinitatis
888 1361 991 1412 amen.
1035 1341 1147 1410 Multis
1173 1341 1379 1409 incommodis
1407 1340 1581 1427 prudenter
1608 1340 1814 1423 occurrimus,
1902 1390 1908 1406 .

191 1470 194 1475 ·
260 1464 332 1519 cum
353 1445 450 1514 etatis
471 1451 579 1513 nostre
601 1445 730 1530 negocia
751 1446 928 1515 litterarum
947 1445 1098 1514 memorie
1117 1443 1377 1512 commendamus
1407 1443 1562 1512 Nouerint
1580 1462 1655 1528 ergo
1676 1443 1814 1512 universi

259 1565 389 1638 presens
409 1547 564 1633 scriptum
585 1548 769 1633 inspecturi,
791 1548 876 1632 qnod
897 1566 955 1616 nos
976 1547 1109 1616 Premisl
1134 1546 1194 1614 Del
1220 1546 1329 1632 gracia
1356 1545 1421 1613 dux
1449 1546 1579 1616 Polonie
1607 1547 1648 1615 ob
1675 1566 1815 1617 amorem

259 1651 319 1722 Dei
340 1655 375 1719 et
394 1649 674 1735 amplificacionem
696 1650 836 1719 Ecclesia
857 1658 976 1733 sancte
1007 1669 1069 1735 qne
1089 1651 1230 1718 omnium
1256 1656 1360 1718 mater
1386 1656 1436 1719 est
1456 1655 1492 1718 et
1511 1650 1672 1737 magistra,
1695 1656 1815 1719 sortem

262 1751 454 1824 decimarum
475 1759 656 1822 numanum
679 1772 741 1838 que
761 1753 825 1821 sita
845 1760 896 1820 est
917 1754 1009 1822 iuxta
1034 1760 1173 1822 eostrum
1201 1752 1306 1822 Gdoca
1334 1752 1419 1820 inter
1445 1752 1548 1821 bcnm
1570 1760 1604 1821 et
1624 1753 1738 1822 vadum
1760 1753 1816 1838 qui

259 1854 398 1926 &locove
422 1854 596 1940 mgariter
625 1861 834 1940 nmenpacm
862 1855 993 1924 ecclesie
1022 1855 1108 1925 beati
1130 1857 1280 1925 lobannis
1304 1857 1345 1925 de
1370 1856 1475 1925 Gdeea
1504 1854 1696 1924 contulimus
1720 1855 1816 1941 pleno

260 1958 330 2028 inre
350 1964 503 2044 perpetuo
521 1956 759 2043 possidendam
780 1957 933 2028 facientes
954 1978 1024 2028 earn
1045 1958 1177 2028 liberam
1198 1960 1240 2029 ab
1260 1960 1405 2029 omnibus
1426 1957 1639 2028 solucionibus
1658 1964 1692 2025 et
1704 1976 1815 2043 gnara·

259 2058 406 2144 minibus,
429 2066 466 2128 ut
483 2059 626 2130 homines
647 2060 821 2146 predictam
841 2068 959 2130 sortem
982 2061 1196 2132 inhabitantes
1217 2082 1256 2132 ea
1274 2063 1433 2149 gaudeant
1461 2060 1620 2143 libertate,
1650 2079 1715 2146 qua
1738 2079 1816 2146 gun·

260 2163 337 2232 dent
357 2180 466 2233 omnes
485 2163 561 2232 ville
578 2165 709 2233 ecclesie
729 2163 962 2232 Poznaniensis.
1007 2164 1055 2234 Ut
1076 2171 1183 2234 autem
1204 2167 1268 2235 ists
1289 2166 1451 2252 perpetuis
1472 2164 1667 2250 temporibus
1693 2182 1816 2249 perma-

263 2270 361 2335 neant
377 2266 573 2348 inconcussa,
593 2284 722 2353 precem
741 2267 894 2352 seriptum
915 2266 1018 2334 nostri
1039 2266 1135 2351 sigilli
1156 2268 1425 2337 corroboravimus
1455 2266 1655 2352 appensione
1699 2267 1817 2336 soom

212 2428 224 2456 .,
261 2370 295 2439 ln
315 2367 472 2457 colloquio
490 2369 576 2456 apud
595 2369 786 2454 llsneunilry
808 2388 891 2438 anno
904 2368 1034 2438 Domini
1050 2368 1096 2437 ld.
1115 2370 1330 2440 ducentesimo
1343 2368 1475 2453 xnxn
1495 2368 1656 2438 Kalendas
1669 2369 1817 2454 Augusti,

260 2472 477 2560 presentibus:
500 2471 627 2540 domino
649 2472 803 2557 Boguialo
824 2473 970 2559 episcopo
997 2472 1215 2557 Poznaniensi,
1244 2472 1398 2558 Boguialo
1425 2472 1624 2555 anoelbrm,
1651 2471 1818 2556 Bognmilo

261 2575 413 2662 palatino,
435 2575 585 2646 bliroslao
604 2576 776 2646 castellano
797 2577 837 2646 de
858 2569 974 2660 Gdbcz,
996 2575 1160 2646 Preeuslao
1181 2575 1323 2663 dspituo
1345 2582 1379 2643 et
1396 2575 1469 2644 aliis
1487 2575 1598 2644 multis
1619 2575 1727 2660 probis
1739 2574 1817 2642 siris

262 2683 296 2748 et
315 2677 470 2749 bonestis

364 2881 481 2967 Gdccs,
508 2887 604 2951 discr.
648 2882 787 2954 Sclocw
814 2883 940 2967 vadum
965 2885 1167 2963 minimi
1192 2891 1244 2954 nie
1271 2889 1474 2968 odpudsiono.
1517 2882 1719 2969 Maneamky,
1748 2886 1818 2972 Mo·

262 2987 372 3052 milti.
416 2983 566 3055 casm
587 2985 704 3095 Gdccz,
727 2991 884 3068 drisiejsu
911 2990 1139 3056 Grodzitzczlto.
1687 2984 1688 2988 ’

935 3285 1011 3374 Nr.
1043 3281 1143 3375 225.

367 3477 490 3564 mnes
514 3477 729 3564 Brnnlssins
755 3479 932 3566 mndator
959 3483 1103 3568 cenobll
1128 3482 1171 3566 ln
1196 3481 1383 3587 Paradpso
1410 3485 1549 3565 1240
1565 3479 1656 3564 lior.
1673 3483 1724 3580 3,
1740 3500 1770 3564 a
1786 3478 1819 3582 13

263 3598 386 3669 conimt
402 3617 512 3669 omnes
532 3599 746 3688 haereditates
766 3619 841 3670 suas
863 3602 1013 3672 coenobio
1035 3604 1187 3690 Paredyt.

367 3697 509 3785 reraoa.
530 3709 650 3786 omos·
672 3707 788 3771 aaron
809 3707 932 3792 abacta
955 3712 1137 3789 mazaeo
1158 3710 1634 3789 ‘commembribus
1649 3709 1819 3789 ram

263 3807 316 3871 oe
336 3805 427 3871 tua
442 3811 685 3889 promeae
702 3812 849 3896 pecore.
873 3813 969 3888 (afr.
990 3813 1044 3877 ro.
1068 3812 1154 3888 128).

368 3908 507 3975 amos.
551 3911 627 3976 aot.
650 3910 822 3992 amose
845 3913 986 3993 nepem
1007 3917 1041 3977 a
1065 3914 1093 3977 e.

367 4110 406 4181 In
427 4113 554 4181 nomine
575 4111 680 4180 Putris
703 4118 737 4181 et
757 4112 832 4180 Filii
852 4121 886 4181 et
907 4113 1047 4201 Spiritus
1074 4119 1185 4184 sancti
1230 4116 1409 4184 Breuissius
1440 4115 1500 4184 Dei
1526 4116 1636 4200 mach
1662 4134 1767 4186 eomes
1788 4124 1822 4187 et

264 4214 415 4285 minuar
435 4215 557 4284 cenobii
577 4216 611 4282 in
631 4216 791 4300 Panudyso
814 4224 922 4286 sancte
943 4219 1047 4287 blarie
1069 4227 1219 4304 perpetue
1241 4221 1372 4304 virginis
1398 4219 1556 4302 sanctioni
1586 4217 1719 4287 Martini
1747 4239 1822 4288 con·

265 4315 393 4387 laseris
413 4317 532 4386 domini
554 4319 656 4386 nostri
677 4319 772 4386 ihesu
795 4318 925 4402 Christi,
950 4327 1097 4389 constare
1111 4323 1182 4390 volo
1198 4328 1264 4389 tam
1278 4321 1478 4406 presentibus
1492 4340 1588 4405 quum
1603 4323 1739 4407 posteris
1751 4324 1822 4390 nni-

266 4423 374 4507 tersis,
392 4423 478 4508 quod
498 4423 531 4489 in
554 4423 769 4491 remissionem
790 4443 931 4492 meorum
953 4430 987 4493 et
1008 4426 1116 4493 uxoris
1137 4443 1207 4492 mee
1229 4426 1446 4509 peccaminum
1466 4425 1564 4493 simul
1587 4431 1622 4492 et
1643 4426 1823 4510 progenito·

265 4543 337 4594 rum
357 4544 500 4594 meorum
521 4533 554 4593 et
575 4525 709 4595 obtentu
730 4527 796 4594 vite
817 4533 935 4610 eterne,
957 4529 999 4595 ud
1020 4527 1171 4595 bonorem
1193 4527 1253 4594 Dei
1274 4533 1308 4594 st
1328 4528 1527 4596 sanctissime
1554 4527 1671 4596 Matris
1700 4528 1768 4596 eius
1788 4532 1824 4596 et

266 4629 368 4698 saneti
384 4628 520 4706 Martini
541 4630 642 4699 obtuli
663 4637 699 4698 et
719 4631 839 4698 contuli
860 4631 1044 4716 supradicto
1066 4628 1198 4698 cenobio
1219 4629 1382 4711 Paradiso‚
1410 4630 1496 4713 quod
1521 4629 1695 4714 vulgariter
1715 4630 1823 4700 Gesti-

266 4730 357 4801 bore
377 4733 568 4816 nommetur,
591 4738 665 4818 post
685 4739 819 4801 mortem
841 4751 943 4801 meum
966 4733 1002 4818 (5
1022 4738 1130 4799 litem
1148 4734 1277 4818 ddetoe)
1295 4732 1488 4801 hereditates
1509 4750 1596 4802 meas
1615 4751 1677 4815 que
1690 4740 1823 4819 paterno

267 4837 302 4902 et
320 4833 510 4904 hereditario
533 4836 601 4903 iure
627 4835 723 4904 michi
753 4840 925 4917 cesserunt,
955 4853 1026 4901 cum
1056 4835 1141 4902 omni
1172 4836 1240 4902 iure
1259 4843 1292 4904 et
1313 4836 1454 4904 nullate
1483 4834 1544 4922 (25
1565 4841 1672 4902 ἤτινα
1692 4840 1823 4920 ductor)

268 4933 442 5020 Zaboroto,
462 4936 610 5021 haemo,
637 4936 814 5023 Syroroua
840 4937 1072 5020 Albrecbtoua
1101 4937 1272 5023 Conarske,
1303 4938 1457 5023 Cotboro,
1480 4938 1591 5008 eodem
1615 4939 1684 5007 iure
1704 4955 1769 5022 quo
1789 4944 1824 5008 et

267 5037 380 5121 primo,
402 5039 549 5109 videlicet
570 5041 770 5124 Gostckowe,
792 5041 852 5109 boc
870 5047 920 5109 est
941 5059 1013 5109 cum
1034 5041 1179 5108 omnibns
1193 5042 1288 5126 agris,
1312 5043 1423 5126 pratis,
1445 5043 1582 5127 pneuma
1601 5040 1699 5123 silvis,
1720 5041 1824 5110 melli·

269 5137 357 5224 boib,
379 5142 480 5227 aquis,
501 5144 696 5228 aqueductis,
722 5161 943 5228 ,aquarumque
971 5143 1164 5225 decursibus,
1192 5144 1437 5228 piscacionibns;
1459 5150 1493 5212 et
1521 5146 1549 5210 si
1579 5162 1642 5227 que
1667 5149 1743 5212 sunt
1761 5144 1824 5214 ulie

268 5242 318 5310 vel
341 5262 500 5331 emergere
520 5252 655 5334 possunt
676 5246 831 5314 utilitates
853 5264 915 5332 que
935 5244 987 5314 hle
1009 5264 1073 5314 non
1094 5246 1325 5332 specificantur,
1353 5247 1517 5316 universas
1543 5250 1578 5314 et
1604 5245 1824 5320 univcmsliter
