4574 6240
1934 451 1984 524 95
2082 546 2101 567 ..

449 671 626 742 nonensem
648 658 747 743 ipsius
767 656 898 726 clericos
918 675 1049 740 gmraru
1070 657 1262 740 presumpsit
1283 657 1501 743 multiplieiter
1520 659 1553 725 iu
1573 659 1730 744 expensis,
1761 676 1801 726 ne
1823 655 1883 726 tibi
1904 660 1989 724 esset

448 765 623 847 dissimilis,
657 763 712 846 qai
733 781 755 829 a
775 760 912 846 quodum
932 760 1129 846 suffraganeo
1150 768 1223 844 tuo,
1256 782 1350 848 quern
1372 762 1500 830 veniens
1520 762 1560 829 ad
1582 761 1755 830 concilium
1775 762 1809 829 iu
1829 759 1991 847 provincia

449 888 504 949 tua
523 868 686 940 dimiseras
707 883 766 949 pro
786 863 968 932 exhibendis
990 865 1210 933 ecclesiasticis
1227 865 1454 948 Sacrumcutis,
1475 873 1599 934 centurn
1620 863 1773 945 marchas,
1792 864 1876 931 sieut
1895 862 1990 930 iidem

449 977 665 1072 procuratores
686 972 842 1049 esserunt,
864 967 1035 1035 extorsisti.
1065 968 1268 1036 Postmodum
1290 975 1396 1037 actem
1417 969 1519 1036 oliicio
1539 968 1703 1053 legationis
1724 972 1900 1051 assumpto,
1919 983 1990 1050 per·
2062 1026 2066 1034 .

450 1092 588 1157 caesores
610 1072 794 1141 clericorum
816 1069 905 1137 nulla
924 1069 1026 1154 passis
1044 1069 1192 1139 iniuriam
1213 1069 1427 1139 satisfactione
1444 1073 1599 1155 impensa,
1625 1076 1659 1139 et
1678 1067 1898 1154 penitentiales
1919 1067 1990 1135 abs·

448 1203 509 1277 quq
535 1194 664 1248 suorum
695 1173 896 1241 conniventia
915 1173 1108 1257 prelatorum
1140 1173 1320 1256 absolvens,
1356 1175 1536 1243 Ploeensem
1567 1173 1704 1242 diocesin
1738 1192 1807 1240 cunr
1840 1170 1990 1238 mamre
2030 1243 2032 1247 ,

449 1284 642 1362 evectionum
663 1295 813 1358 numero,
849 1282 975 1345 oaamru
996 1294 1035 1344 aa
1055 1276 1164 1344 decem
1185 1295 1338 1362 equomm
1359 1276 1505 1345 videlicet
1535 1284 1568 1345 et
1588 1275 1826 1360 obsequentium
1847 1273 1991 1342 multitu-

449 1379 697 1463 nuenariani,
734 1377 841 1464 ibique
872 1396 993 1446 moram
1014 1376 1132 1446 faciens
1165 1379 1337 1464 longiorem
1368 1397 1428 1446 nec
1453 1381 1658 1448 amassariam
1692 1379 1747 1447 sed
1777 1378 1991 1463 dampnosam,

450 1488 586 1565 eiusdem
604 1483 734 1553 clericos
755 1481 901 1568 expensis
921 1481 1061 1566 gravasti
1083 1481 1249 1566 superfluis
1270 1483 1356 1550 ultra
1377 1481 1519 1565 modum,
1553 1484 1691 1552 eiusdem
1710 1483 1843 1552 diocesis
1863 1481 1992 1550 clericos

449 1611 542 1680 nuper
561 1585 745 1675 pluralitate
766 1584 987 1655 beneficiorum
1008 1603 1070 1669 qne
1091 1584 1297 1654 obtinuerunt
1325 1593 1400 1656 ante
1427 1587 1571 1671 maele
1592 1586 1766 1655 Concilium
1786 1584 1992 1653 molestando.

450 1700 590 1780 cumque
607 1691 642 1758 in
662 1690 806 1758 Plocensi
825 1689 957 1758 ecclesia
977 1687 1139 1774 Synodunr
1160 1690 1321 1759 celebrans
1342 1691 1387 1758 nil
1408 1691 1580 1759 invenisses
1607 1691 1640 1758 iu
1661 1691 1745 1758 clero
1770 1689 1820 1757 vel
1846 1689 1992 1774 episcopo

450 1793 678 1884 suffigendum,
709 1792 804 1875 duos,
833 1793 873 1859 rt
894 1791 1040 1859 videlicet
1061 1798 1096 1860 et
1118 1791 1168 1860 W.
1192 1792 1322 1861 clericos
1341 1792 1482 1878 elegisti,
1515 1795 1570 1880 qui
1591 1799 1741 1878 unquam
1762 1792 1913 1877 speciales
1932 1793 1993 1860 cri·

448 1903 566 1975 umam
586 1895 744 1964 delatores
761 1912 906 1964 amasus
926 1893 1084 1964 deterrent
1101 1897 1241 1982 episcopi
1262 1902 1358 1981 atque
1373 1896 1463 1979 eleri;
1485 1898 1598 1983 quibas
1611 1897 1725 1965 birola
1738 1896 1993 1980 proponentibus,

450 2001 532 2095 quod
552 2018 610 2088 per
629 2017 667 2067 ea
689 2004 800 2067 eoutm
816 1998 998 2083 episcopum
1018 1999 1187 2084 procedere
1215 2018 1280 2067 uon
1299 2001 1442 2083 valebas,
1476 2000 1645 2070 secuudum
1676 2002 1773 2070 auirui
1794 2001 1843 2068 tui
1873 2006 1995 2067 mourut

448 2107 530 2177 vlam
550 2101 736 2188 excogitasti
757 2101 868 2184 aliam,
902 2101 1008 2171 subito
1042 2108 1140 2172 testes
1168 2109 1289 2188 septem
1315 2104 1433 2188 eligam
1454 2104 1618 2190 annuales
1638 2103 1891 2173 connumerando
1910 2103 1995 2171 inter

449 2213 533 2298 ipsos
551 2204 631 2274 duos
651 2204 780 2273 elericos
798 2203 996 2288 supradictos
1016 2210 1051 2273 et
1070 2205 1169 2272 adum
1190 2206 1346 2290 quendam
1367 2205 1404 2273 P.
1424 2207 1559 2290 nomine,
1580 2208 1636 2292 qui
1656 2207 1698 2275 ab
1719 2208 1864 2292 episeopo
1885 2211 1920 2274 et
1934 2205 1995 2274 ca·

448 2309 548 2399 pitulo
568 2307 674 2376 meret
695 2306 943 2393 condempnatus
967 2325 1005 2374 eo
1026 2306 1112 2391 quod
1130 2306 1286 2391 quendam
1307 2325 1401 2375 suum
1421 2311 1663 2380 concanonicum
1684 2316 1826 2379 nuent
1853 2309 1895 2378 ad
1913 2307 1994 2376 iudi·

450 2416 531 2486 eiam
551 2411 709 2494 sudare,
739 2431 797 2496 per
817 2430 897 2496 quos
918 2409 1066 2480 medebas
1088 2417 1180 2479 tuum
1196 2410 1386 2480 desiderium
1406 2412 1584 2497 adimplere
1634 2412 1749 2498 Sicque
1768 2415 1803 2480 iu
1822 2413 1911 2481 nullo
1928 2430 1995 2480 ser·

449 2522 522 2587 reta
540 2504 850 2601 genanuorum
868 2513 969 2583 forma
989 2515 1076 2583 edita
1096 2533 1193 2599 super
1212 2515 1404 2600 corrigendis
1424 2517 1602 2584 accesibus
1623 2516 1831 2598 subditorum,
1852 2533 1924 2584 cum
1937 2532 1997 2583 nae

449 2624 646 2691 accusatores
667 2617 884 2700 inscriberent,
916 2637 976 2686 nec
995 2618 1234 2688 denuntiatores
1254 2618 1408 2703 premissa
1435 2620 1603 2687 cadtativa
1627 2619 1799 2688 monitione
1819 2617 1919 2703 aliqui
1938 2635 1997 2702 ap·

451 2726 614 2810 parerem,
646 2738 705 2789 uec
726 2720 845 2789 mmor
866 2720 1024 2790 credibilis
1044 2718 1239 2788 ascendisset
1258 2739 1357 2805 quare
1377 2722 1419 2788 ad
1439 2721 1674 2806 inquisitionem
1703 2721 1868 2790 eriminum
1888 2726 1923 2788 te
1942 2719 1997 2788 de·

450 2824 596 2896 madae
614 2828 791 2910 oporteret,
826 2824 993 2910 descriptis
1011 2825 1147 2910 primurn
1169 2829 1204 2892 et
1224 2825 1360 2892 ostensis
1380 2825 1474 2894 dictis
1494 2826 1640 2911 episeopo
1660 2830 1695 2893 et
1715 2825 1837 2893 clericis
1854 2822 1997 2892 articulis
2080 2872 2082 2877 -

449 2927 652 3014 inquirendis,
672 2927 763 2995 novis
783 2925 1056 2995 adinventionibus
1076 2944 1212 2995 canones
1229 2945 1327 2996 novos
1348 2927 1466 2996 cadens
1486 2945 1567 2996 novo
1580 2926 1673 2995 modo
1694 2932 1806 2995 matra
1818 2926 1904 3010 ipsos
1923 2942 1998 3010 pro-

450 3029 557 3101 aadara
575 3027 764 3112 latimbas,
797 3035 832 3098 et
852 3047 925 3098 urm
946 3035 1035 3097 tuam
1056 3028 1205 3098 diocesim
1223 3048 1244 3096 a
1264 3029 1365 3114 calpis
1386 3029 1582 3115 gravioribus
1602 3046 1667 3098 non
1687 3047 1870 3114 purgasses,
1907 3027 1998 3096 nabe

449 3122 573 3201 detuls
594 3131 776 3201 oculisnon
797 3131 1070 3201 decmiasmearn
1091 3131 1760 3219 deuonloiretristuleieerasatagebas.
1803 3133 1998 3217 Querepre-

418 3257 420 3261 ⁷
449 3233 507 3304 au
527 3235 702 3322 episcopas,
724 3234 862 3304 dacem
879 3240 914 3304 et
934 3233 1118 3321 capitulum
1136 3241 1268 3322 propter
1288 3236 1432 3321 predicta
1453 3241 1487 3304 et
1506 3237 1571 3304 alia
1590 3243 1625 3305 te
1644 3241 1825 3321 suspectum
1846 3234 1999 3304 babentes

259 3308 267 3366 ξ
349 3344 380 3409 ’ζ
449 3355 487 3407 ec
503 3338 538 3406 iu
556 3338 667 3407 multis
689 3338 861 3413 sentientes
883 3356 919 3407 se
938 3337 1079 3408 indebite
1099 3340 1281 3424 aggravari,
1302 3339 1344 3405 ad
1366 3337 1478 3407 Smem
1497 3338 1703 3422 apostolicam
1723 3338 1924 3423 appellarunt
1943 3355 2001 3404 no-
2082 3349 2084 3352 ·

450 3436 498 3508 bis
518 3438 681 3508 humiliter
701 3439 917 3525 supplicando,
952 3446 991 3507 ut
1011 3458 1084 3508 cum
1105 3440 1245 3510 debitam
1266 3441 1490 3510 comestionem
1511 3460 1576 3510 non
1589 3440 1749 3526 refugiam
1769 3440 1825 3508 sed
1841 3437 2005 3523 aderunt

451 3545 485 3610 et
504 3546 538 3609 ta
557 3541 634 3610 olim
654 3547 730 3610 aute
751 3541 940 3627 legationem
961 3549 1141 3629 susceptam
1173 3544 1338 3612 eadtative
1365 3544 1546 3611 monuerint
1574 3563 1670 3630 super
1690 3543 1800 3612 urultis
1830 3561 1894 3627 que
1910 3541 2002 3611 nobis

450 3642 635 3714 dmuutiare
655 3645 814 3728 nolebant,
847 3651 979 3732 propter
999 3663 1062 3730 que
1083 3647 1199 3714 timent
1220 3651 1253 3714 te
1273 3651 1385 3714 cenna
1406 3646 1492 3731 ipsos
1511 3633 1760 3732 indignationem
1779 3664 1818 3714 ec
1838 3661 2002 3713 rancorem

450 3743 584 3831 aliquem
605 3747 800 3833 conoepisse:
836 3747 1063 3816 mandaremus-
1077 3749 1154 3816 viris
1176 3749 1337 3832 dbmetis,
1373 3754 1412 3816 ut
1432 3753 1501 3817 tarn
1521 3755 1670 3833 tequam
1692 3749 1778 3832 ipsos
1799 3752 1834 3816 et
1854 3752 1944 3815 tuam
1964 3766 2004 3815 ac

453 3845 591 3932 ipsorum
608 3848 760 3930 dioceses,
782 3848 869 3918 dicte
889 3867 946 3934 pre
966 3850 1065 3918 oculs
1087 3850 1240 3918 babentes
1262 3851 1456 3935 arrignani
1476 3856 1510 3919 et
1527 3851 1619 3920 iuxta
1637 3851 1817 3920 sanctones
1838 3849 2004 3917 monicus

451 3947 664 4020 mlomarent
688 3950 816 4028 Vanum,
838 3951 954 4036 prelati
974 3958 1198 4037 procuratores
1218 3954 1267 4019 tui
1287 3953 1429 4037 predicta
1439 3957 1592 4037 negantes
1609 3972 1649 4021 ex
1662 3958 1753 4038 parte
1767 3958 1824 4020 tua
1836 3971 1875 4021 ae
1887 3952 1922 4018 in
1931 3951 2005 4019 aliis

451 4057 483 4118 te
502 4053 721 4138 multipliciter
741 4061 930 4123 cremantes
949 4054 1105 4138 diuemut,
1140 4055 1225 4140 quod
1246 4055 1387 4123 iamdicti
1404 4057 1571 4142 episeopus
1589 4063 1623 4124 et
1645 4055 1827 4141 Capitulum
1849 4053 2005 4139 confinge-

450 4151 527 4222 bant
546 4154 618 4225 ideo
639 4156 835 4242 supradicta,
872 4162 911 4225 ut
930 4157 964 4225 in
981 4158 1048 4226 suis
1070 4157 1249 4226 exemdbas
1270 4165 1470 4225 remanerent
1498 4164 1533 4226 et
1564 4177 1679 4244 penam
1701 4157 1871 4226 evaderent
1898 4156 2005 4224 debite

450 4254 587 4325 ultionis.
607 4256 691 4325 Nam
710 4277 781 4327 curn
799 4258 840 4327 de
860 4260 1001 4344 ipsoram
1022 4259 1201 4328 excessibus
1223 4258 1341 4327 dudum
1362 4260 1403 4327 ud
1416 4279 1510 4328 aures
1531 4267 1604 4328 tuas
1624 4261 1744 4330 clamor
1758 4258 1882 4327 validus
1895 4277 2004 4326 ascen·

450 4355 560 4442 disset,
597 4365 632 4428 et
652 4360 787 4429 maxime
808 4379 903 4446 super
923 4382 961 4431 eo
991 4362 1077 4447 quod
1102 4360 1246 4447 prefatus
1264 4363 1430 4447 episeopus
1451 4365 1550 4431 totius
1570 4366 1772 4449 episcopatus
1790 4364 1840 4429 sui
1861 4368 2004 4446 tempore

451 4460 503 4527 rix
524 4465 574 4529 ter
595 4461 636 4530 ud
657 4464 809 4549 populum
829 4483 1004 4532 sermone·
1026 4466 1144 4532 dicim
1164 4465 1327 4547 habuisse,
1362 4483 1401 4533 aa
1432 4464 1569 4533 decimas
1594 4484 1658 4551 qne
1678 4467 1713 4534 in
1730 4467 1800 4551 pias
1819 4482 1931 4533 causas
1951 4464 2006 4531 de·

451 4558 564 4631 benur
577 4564 734 4651 deputans
748 4568 956 4651 quorumdam
970 4568 1136 4653 stipendiis
1150 4574 1346 4650 vennmrum,
1367 4587 1558 4654 censumque
1571 4568 1663 4637 nobis
1673 4570 1815 4637 debitum
1825 4566 2007 4652 frequenter

451 4669 524 4733 ete
543 4668 683 4736 monitus
704 4668 829 4753 exigere
857 4670 1027 4754 animans,
1054 4689 1093 4739 aa
1114 4670 1306 4738 vicesimam
1328 4669 1425 4738 Terre
1445 4677 1555 4739 macte
1575 4672 1724 4748 ,subsidio
1745 4672 1930 4757 deputatam
1948 4688 2007 4738 uae

450 4763 490 4834 da
517 4770 583 4838 suis
611 4788 727 4840 curans
753 4773 957 4856 proventibus
982 4773 1104 4842 solvere
1130 4792 1190 4842 nec
1214 4775 1339 4858 exigere
1369 4773 1410 4842 da
1441 4791 1571 4842 suorum
1596 4773 1772 4843 redditibus
1797 4774 2006 4854 subditorum,

450 4865 589 4956 vitiaque
609 4871 823 4941 subiectorum
845 4894 908 4943 uon
930 4875 1098 4959 couigeus,
1121 4875 1367 4944 sedsaoerdotes
1388 4875 1529 4945 tolmans
1551 4882 1714 4959 uxoratos,
1735 4883 1770 4945 et
1783 4877 1925 4962 legitima
1939 4894 2006 4942 nra·

452 4970 599 5042 tdmouia
618 4975 653 5043 iu
678 4975 816 5058 quadam
839 4983 932 5062 parte
958 4978 1009 5045 sui
1034 4978 1235 5063 episcopatus
1261 4978 1464 5046 dissimulans
1488 4980 1648 5063 separari,
1675 4999 1714 5049 aa
1742 4980 1880 5065 pretium
1909 4977 2007 5062 recipi

451 5087 508 5154 llru
528 5077 635 5160 pueris
656 5077 874 5164 baptizandis:
896 5080 1062 5148 oenouieos
1084 5080 1181 5148 etiam
1201 5078 1342 5164 bigamos
1362 5081 1500 5148 edentur
1519 5083 1659 5151 sustinet
1683 5082 1719 5149 in
1747 5082 1881 5150 eeclesia
1900 5079 2008 5149 eatbe·

451 5171 541 5260 duali,
563 5188 597 5247 et
617 5181 771 5251 dearum
791 5204 814 5252 a
834 5185 937 5269 prima
954 5183 1113 5268 prebenda
1134 5183 1167 5249 in
1189 5202 1254 5268 qua
1273 5182 1455 5250 immediate
1476 5183 1562 5268 patri
1583 5187 1737 5254 sumit
1758 5182 1952 5252 transferens
1972 5182 2008 5251 in

452 5281 654 5352 manuleatus
675 5282 818 5354 fraudem
840 5287 883 5355 ad
903 5287 1059 5372 quintam,
1088 5286 1217 5355 meclins
1244 5286 1440 5372 (laedones)
1468 5285 1605 5354 eontulit
1631 5287 1779 5357 affinibus
1799 5294 1834 5356 et
1854 5286 2007 5371 cagnads,

455 5380 652 5470 codmationc
674 5388 858 5474 impietatis,
879 5395 917 5457 ut
936 5389 1063 5472 dicitur,
1085 5387 1240 5473 ordinata,
1269 5406 1310 5457 ue
1341 5386 1487 5458 videlicet
1515 5389 1549 5456 in
1579 5389 1720 5478 ipsorum
1738 5389 1871 5459 eoelesia
1891 5388 2010 5476 probus
