4574 6240
1973 342 2044 423 lbi

496 547 597 616 virum
619 517 848 617 Wlodizlavum
869 547 980 617 ducem
1002 549 1132 617 Polonio
1152 547 1283 616 fratrom
1301 551 1391 619 tuum
1413 569 1509 636 super
1530 555 1617 619 terra
1638 550 1767 618 Polonio
1788 549 1914 634 questio
1933 544 2045 614 luisset

497 656 616 733 exorta,
639 651 767 720 tandem
789 650 999 719 mediantibus
1022 650 1252 719 venerabilibus
1266 651 1418 721 iratribus
1433 653 1550 720 nostris
1565 652 1601 720 F.
1617 651 1795 720 Gnecnonsi
1810 649 2047 734 archiepiscopo

496 759 529 822 et
549 753 585 821 P.
607 754 753 839 episeopo
772 753 976 821 Poznaniensi
1000 753 1210 822 amicabiliter
1232 754 1315 821 inter
1337 762 1445 840 partas
1474 752 1660 840 compositio
1689 742 1870 833 intervenit,
1898 758 1993 836 prout
2013 751 2047 817 in

495 856 612 925 litteris
634 856 707 925 inde
728 856 879 925 contectis
901 858 1025 942 plenius
1039 858 1229 942 continetur,
1251 877 1347 942 quam
1361 859 1536 942 apostolico
1553 857 1694 942 petivisti
1708 854 1881 923 munimine
1894 854 2047 923 roborari.

496 957 563 1028 llos
584 959 683 1044 igitur
702 959 876 1029 dovotionis
899 966 953 1028 tue
973 960 1067 1028 iustis
1089 959 1235 1045 precibus
1263 959 1420 1042 inclinati,
1449 961 1706 1047 compositionem
1736 957 1847 1040 ipsam,
1882 956 1966 1023 sicut
1986 956 2049 1024 rite

495 1061 564 1131 sine
585 1062 745 1149 pravitate
766 1062 896 1147 provide
917 1060 1002 1130 iacta
1023 1068 1074 1130 est
1094 1068 1129 1130 et
1146 1061 1188 1131 nb
1207 1067 1343 1145 utreque
1365 1068 1457 1145 parte
1480 1069 1593 1147 sponte
1615 1064 1743 1144 recepta
1761 1063 1796 1125 et
1816 1056 1971 1126 hactenus
1992 1075 2048 1141 pa·

496 1161 584 1232 eiiioe
605 1163 783 1248 observata,
803 1164 996 1233 auctoritate
1021 1164 1195 1251 apostolica
1228 1163 1448 1231 confirmamus
1481 1171 1515 1232 et
1546 1163 1701 1250 presentis
1735 1160 1846 1243 scripti
1872 1159 2048 1243 patrocinio

496 1267 732 1335 communium.
778 1266 828 1334 Ad
849 1266 999 1334 maiorem
1020 1272 1129 1334 summ
1147 1264 1224 1334 tecti
1246 1265 1340 1331 huius
1361 1265 1560 1348 evidentiam,
1584 1273 1726 1334 tenorem
1746 1261 1903 1330 diemrum
1925 1260 2049 1332 littero·

496 1387 568 1436 rum
588 1367 718 1437 lecimus
738 1368 939 1453 presentibus
959 1369 1119 1448 annotari;
1142 1369 1198 1452 qui
1217 1367 1292 1434 talis
1313 1373 1379 1434 est:
1418 1371 1578 1449 (Sequitur
1597 1372 1728 1450 dlplmr
1752 1368 1804 1430 dr.
1832 1366 1924 1433 173.)

600 1470 689 1540 Nulli
704 1490 779 1556 ergo
794 1476 879 1550 (etc.)
897 1475 1005 1537 nostre
1019 1469 1266 1537 confirmationis
1288 1468 1386 1557 (etc).
1415 1470 1450 1538 Si
1466 1472 1537 1555 quis
1551 1477 1659 1538 autem
1672 1475 1769 1550 (etc).
1794 1467 1913 1535 Datum
1926 1465 2050 1535 Perusii

436 1588 440 1597 '
497 1571 543 1641 vt
564 1573 724 1641 Kalendas
745 1573 829 1655 Iulii,
851 1571 1054 1658 pontificatus
1075 1572 1177 1640 nostri
1199 1590 1282 1639 anno
1305 1591 1397 1641 nono.

1169 1870 1244 1957 Nr.
1279 1865 1376 1956 182.

601 2063 798 2171 Gregorius
831 2064 897 2169 Pp
929 2065 988 2147 IX
1020 2067 1153 2146 1285
1189 2065 1277 2150 Jun.
1311 2070 1396 2164 26,
1429 2065 1589 2167 Perusiit
1628 2082 1758 2151 roborat
1789 2082 2048 2165 compositionem

497 2188 581 2254 inter
600 2185 774 2254 Henrienm
792 2185 904 2252 ducem
926 2184 1058 2255 silesiae
1079 2193 1113 2255 et
1127 2185 1336 2254 wladislaum
1350 2187 1463 2254 ducem
1476 2186 1626 2253 Poloniac
1640 2191 1770 2268 propter
1784 2189 1902 2250 terrum
1916 2183 2048 2251 Materte

496 2305 646 2374 Poloniae
666 2303 796 2387 iactam,
817 2311 852 2373 et
874 2305 999 2371 litteras
1020 2322 1100 2389 quas
1121 2323 1216 2389 snper
1237 2305 1296 2372 hoc
1318 2304 1463 2373 dederat:
1500 2286 1763 2369 Wlbdizlovlltl
1793 2285 1944 2368 Polonib
1970 2283 2049 2366 dux

497 2408 630 2488 1284
662 2404 758 2510 Sept.
788 2411 873 2504 22,
906 2406 1160 2492 blannotari
1182 2422 1268 2492 iacit
2033 2474 2042 2479 .-

603 2529 802 2608 lianssronpt
819 2530 1046 2609 potnierdzoap
1066 2547 1176 2607 prees:
1198 2526 1379 2594 Alexander
1399 2526 1456 2611 Pp.
1478 2524 1525 2592 lv
1549 2524 1632 2592 leet
1654 2525 1726 2592 Jan.
1751 2525 1803 2608 lo,
1824 2523 1985 2592 laterani

600 2633 673 2696 Bibl
696 2632 736 2697 Χ.
759 2633 801 2696 Χ.
829 2632 1070 2710 Czartomslicb.
1093 2633 1272 2710 diplomata

600 2833 771 2919 Gregorius
793 2834 958 2921 episcopus
979 2851 1088 2904 servus
1109 2850 1271 2902 servorum
1291 2833 1361 2915 Dei,
1383 2833 1499 2903 dilecto
1521 2832 1586 2900 filio
1608 2832 1705 2899 nobili
1726 2833 1793 2901 viro
1815 2831 1953 2900 ilenrico
1973 2831 2047 2900 duci

497 2935 597 3006 Sic-sie
619 2943 653 3005 ct
674 2935 825 3005 cracovie
846 2936 981 3005 salutem
1003 2942 1036 3004 et
1049 2936 1256 3022 apostolicam
1272 2935 1528 3003 benedictionem
1550 2935 1600 3003 Ea
1613 2954 1675 3021 que
1688 2935 1803 3002 iudicio
1817 2935 1868 3002 vel
1882 2935 2050 3003 concordia

497 3040 718 3121 terminandum,
739 3038 832 3107 firma
851 3038 968 3107 debent
985 3045 1020 3105 et
1041 3039 1164 3106 illibata
1185 3039 1364 3122 persistere,
1391 3045 1425 3104 et
1453 3055 1493 3104 ne
1513 3039 1547 3105 in
1567 3037 1703 3106 recidive
1724 3037 1934 3105 contentionis
1961 3054 2049 3104 scru-

497 3140 607 3227 pulum
628 3141 821 3223 relabantur,
844 3143 1017 3226 apostolico
1036 3142 1183 3209 convenit
1203 3141 1341 3225 presidio
1362 3140 1557 3208 communiri.
1600 3138 1753 3208 Exhibita
1780 3139 1937 3222 siqnidem
1958 3138 2049 3206 nobis

498 3248 555 3309 tna
573 3244 687 3329 petitio
709 3243 901 3325 continebat,
934 3242 1018 3327 quod
1051 3261 1122 3310 cum
1156 3244 1241 3309 inter
1273 3249 1306 3309 te
1331 3260 1370 3310 ac
1397 3242 1534 3310 nobilem
1560 3241 1662 3309 mum
1685 3241 1914 3310 Wlodizlnvum
1936 3240 2049 3309 ducem

496 3344 625 3414 Polonie
646 3344 777 3415 fratrem
799 3352 888 3413 tuum
920 3363 1016 3430 super
1036 3351 1123 3412 terra
1144 3345 1274 3412 Polonie
1295 3345 1419 3430 questio
1438 3342 1551 3412 inisset
1571 3353 1691 3427 exorta,
1727 3344 1854 3413 taudem
1882 3344 2049 3413 medianti·
2171 3365 2180 3382 ·

497 3448 556 3516 bus
573 3448 803 3518 venerabilibus
824 3448 977 3517 tratdbus
999 3449 1117 3516 nostris
1138 3448 1175 3514 F.
1198 3447 1376 3516 Gneznensi
1398 3447 1632 3532 archiepiscopo
1654 3453 1688 3515 et
1707 3447 1740 3514 P.
1762 3448 1908 3532 episcopo
1928 3446 2049 3515 Poena·

433 3614 437 3623 .
496 3552 608 3634 nlsnsl,
632 3551 805 3620 amicabilis
827 3552 912 3620 inter
933 3558 1040 3637 partas
1067 3551 1252 3635 compositio
1279 3550 1450 3618 intervenit
1473 3555 1569 3634 prout
1591 3551 1623 3616 in
1650 3550 1767 3618 litteris
1800 3542 1873 3617 inde
1899 3548 2049 3618 coniectis

497 3653 620 3740 plenius
642 3655 831 3742 continetur,
853 3672 949 3739 quam
971 3654 1143 3737 apostolico
1158 3654 1298 3738 petivisti
1312 3651 1484 3719 munimine
1496 3652 1649 3721 roborari.
1680 3651 1747 3720 Nos
1762 3653 1861 3738 igitur
1874 3653 2050 3721 devotionis

497 3763 552 3825 tue
572 3757 666 3824 iustis
687 3756 832 3841 precibus
850 3757 1005 3838 inclinati,
1033 3756 1290 3841 compositionem
1310 3758 1421 3841 ipsum,
1443 3757 1526 3823 siem
1552 3757 1615 3826 rite
1642 3758 1711 3824 sine
1739 3759 1898 3843 pravitate
1919 3757 2050 3842 provide

496 3859 583 3928 iacta
603 3866 708 3927 estet
729 3858 927 3944 abutraque
949 3866 1041 3945 parte
1061 3866 1175 3944 sponte
1197 3867 1324 3942 recepta
1345 3864 1379 3926 et
1405 3858 1557 3926 hactenus
1583 3860 1713 3944 pacifice
1738 3860 1916 3942 observato,
1938 3865 2049 3929 aucto

497 3962 594 4030 ritate
614 3962 789 4046 apostolica
804 3961 1025 4031 confirmemus
1039 3969 1073 4030 et
1087 3962 1243 4046 presentis
1258 3957 1368 4046 'scripti
1383 3961 1559 4045 patrocinio
1574 3963 1811 4031 communimus.
1834 3963 1884 4031 Ad
1899 3963 2050 4031 maiorem

497 4070 604 4134 autem
625 4063 719 4132 huiru
740 4063 818 4133 iacti
831 4066 1032 4148 evidentiam,
1053 4072 1194 4134 tenorem
1214 4066 1371 4132 dictarum
1392 4065 1571 4132 litterarum
1591 4063 1721 4132 lecimus
1737 4067 1936 4151 presentibus
1951 4083 2050 4134 anno·
2145 4077 2147 4079 ’

498 4166 576 4248 tarl;
592 4167 648 4251 qni
662 4167 737 4236 talis
758 4174 824 4235 est:
855 4167 1015 4249 (Sequitur
1037 4172 1166 4250 diploma
1188 4171 1240 4232 dr.
1264 4170 1351 4245 168.)

394 4276 398 4283 '
599 4266 688 4337 llnlli
707 4288 782 4354 ergo
803 4271 931 4339 omnino
946 4270 1108 4337 hominum
1123 4271 1218 4339 liceat
1232 4270 1312 4338 hanc
1327 4272 1474 4355 paginam
1492 4278 1600 4338 nosue
1618 4269 1867 4339 confirmationis
1881 4269 2050 4357 infringere

496 4372 547 4440 vel
567 4373 597 4440 ci
619 4390 700 4440 ausu
721 4374 890 4441 temerario
912 4377 1078 4443 contraire.
1124 4373 1158 4441 Si
1181 4375 1253 4459 quis
1275 4380 1382 4441 cutem
1406 4371 1463 4439 hoc
1484 4379 1677 4457 attemptare
1699 4377 1940 4460 presumpserit,
1970 4375 2050 4442 indi·

496 4474 678 4558 guntionem
699 4476 924 4558 omnipotentis
945 4476 1003 4543 Dei
1026 4485 1059 4544 et
1079 4476 1245 4545 beatorum
1268 4476 1355 4542 Petri
1376 4481 1410 4541 et
1428 4475 1518 4542 Pauli
1539 4476 1755 4559 apostolorum
1776 4480 1845 4545 dus
1872 4497 1906 4546 se
1927 4478 2050 4545 noverit

497 4576 704 4644 incursurum.
749 4577 868 4646 Datum
889 4579 1013 4646 Perusii
1035 4578 1080 4645 Vl
1103 4579 1264 4646 Kalendas
1286 4577 1369 4659 Iulii,
1393 4576 1594 4661 pontificatus
1613 4582 1717 4647 nostri
1737 4599 1820 4648 enno
1842 4598 1935 4647 nono.

599 4782 698 4852 Terra
718 4784 859 4868 Polonm,
874 4785 1003 4867 pessel·
1026 4789 1127 4850 Mater
1152 4791 1285 4860 Polmvtc,
1309 4795 1329 4851 t.
1346 4789 1377 4863 j.
1407 4785 1635 4865 malopassu
