<?xml version="1.0" encoding="UTF-8"?>
<!DOCTYPE html PUBLIC "-//W3C//DTD XHTML 1.0 Transitional//EN"
    "http://www.w3.org/TR/xhtml1/DTD/xhtml1-transitional.dtd">
<html xmlns="http://www.w3.org/1999/xhtml" xml:lang="en" lang="en">
 <head>
  <title>
</title>
<meta http-equiv="Content-Type" content="text/html;charset=utf-8" />
  <meta name='ocr-system' content='tesseract 3.04.00' />
  <meta name='ocr-capabilities' content='ocr_page ocr_carea ocr_par ocr_line ocrx_word'/>
</head>
<body>
  <div class='ocr_page' id='page_1' title='image "./codexdiplomatic00zakrgoog_0530.png"; bbox 0 0 4574 6240; ppageno 0'>
   <div class='ocr_carea' id='block_1_1' title="bbox 608 285 684 362">
    <p class='ocr_par' dir='ltr' id='par_1_1' title="bbox 608 285 684 362">
     <span class='ocr_line' id='line_1_1' title="bbox 608 285 684 362; baseline 0 -1"><span class='ocrx_word' id='word_1_1' title='bbox 608 285 684 362; x_wconf 72' lang='lat'><strong>204</strong></span> 
     </span>
    </p>
   </div>
   <div class='ocr_carea' id='block_1_2' title="bbox 509 485 2195 1885">
    <p class='ocr_par' dir='ltr' id='par_1_2' title="bbox 509 485 2195 1190">
     <span class='ocr_line' id='line_1_2' title="bbox 509 485 2148 578; baseline 0.009 -24"><span class='ocrx_word' id='word_1_2' title='bbox 509 498 517 510; x_wconf 91' lang='lat'>·</span> <span class='ocrx_word' id='word_1_3' title='bbox 604 492 883 574; x_wconf 78' lang='lat' dir='ltr'><strong>qnmmmeenque</strong></span> <span class='ocrx_word' id='word_1_4' title='bbox 904 487 1022 572; x_wconf 87' lang='lat' dir='ltr'><strong>peterit</strong></span> <span class='ocrx_word' id='word_1_5' title='bbox 1042 485 1155 556; x_wconf 85' lang='lat' dir='ltr'><strong>locare</strong></span> <span class='ocrx_word' id='word_1_6' title='bbox 1199 487 1267 557; x_wconf 83' lang='lat' dir='ltr'><strong>llec</strong></span> <span class='ocrx_word' id='word_1_7' title='bbox 1284 491 1390 558; x_wconf 90' lang='lat' dir='ltr'><strong>emnia</strong></span> <span class='ocrx_word' id='word_1_8' title='bbox 1410 493 1475 560; x_wconf 92' lang='lat' dir='ltr'><strong>iarn</strong></span> <span class='ocrx_word' id='word_1_9' title='bbox 1495 491 1673 578; x_wconf 75' lang='lat' dir='ltr'>sepedictus</span> <span class='ocrx_word' id='word_1_10' title='bbox 1694 491 1866 562; x_wconf 83' lang='lat' dir='ltr'><strong>Balduinus</strong></span> <span class='ocrx_word' id='word_1_11' title='bbox 1890 513 1962 563; x_wconf 88' lang='lat' dir='ltr'><strong>cum</strong></span> <span class='ocrx_word' id='word_1_12' title='bbox 1986 498 2054 567; x_wconf 87' lang='lat' dir='ltr'><strong>suis</strong></span> <span class='ocrx_word' id='word_1_13' title='bbox 2073 505 2148 577; x_wconf 72' lang='lat' dir='ltr'><strong>libe.</strong></span> 
     </span>
     <span class='ocr_line' id='line_1_3' title="bbox 603 589 2149 682; baseline 0.003 -23"><span class='ocrx_word' id='word_1_14' title='bbox 603 590 649 659; x_wconf 86' lang='lat' dir='ltr'><strong>rls</strong></span> <span class='ocrx_word' id='word_1_15' title='bbox 676 590 909 659; x_wconf 86' lang='lat' dir='ltr'><strong>successoribus</strong></span> <span class='ocrx_word' id='word_1_16' title='bbox 928 589 1027 658; x_wconf 90' lang='lat' dir='ltr'><strong>libere</strong></span> <span class='ocrx_word' id='word_1_17' title='bbox 1054 591 1240 675; x_wconf 55' lang='lat' dir='ltr'><strong>possidebit</strong></span> <span class='ocrx_word' id='word_1_18' title='bbox 1266 593 1378 662; x_wconf 74' lang='lat' dir='ltr'><strong>danim</strong></span> <span class='ocrx_word' id='word_1_19' title='bbox 1404 595 1464 661; x_wconf 85' lang='lat' dir='ltr'>sibi</span> <span class='ocrx_word' id='word_1_20' title='bbox 1485 595 1647 664; x_wconf 88' lang='lat' dir='ltr'><strong>licenciam</strong></span> <span class='ocrx_word' id='word_1_21' title='bbox 1672 595 1714 663; x_wconf 89' lang='lat' dir='ltr'><strong>ad</strong></span> <span class='ocrx_word' id='word_1_22' title='bbox 1741 614 1818 664; x_wconf 90' lang='lat' dir='ltr'><strong>usus</strong></span> <span class='ocrx_word' id='word_1_23' title='bbox 1843 596 2055 682; x_wconf 84' lang='lat' dir='ltr'><strong>beneplacitos</strong></span> <span class='ocrx_word' id='word_1_24' title='bbox 2079 623 2149 679; x_wconf 66' lang='lat' dir='ltr'><strong>een.</strong></span> 
     </span>
     <span class='ocr_line' id='line_1_4' title="bbox 602 691 2149 782; baseline 0.009 -22"><span class='ocrx_word' id='word_1_25' title='bbox 602 691 756 776; x_wconf 64' lang='lat' dir='ltr'><strong>madi,</strong></span> <span class='ocrx_word' id='word_1_26' title='bbox 777 693 940 774; x_wconf 80' lang='lat' dir='ltr'><strong>uendendi,</strong></span> <span class='ocrx_word' id='word_1_27' title='bbox 959 692 1107 774; x_wconf 83' lang='lat' dir='ltr'><strong>denaneli,</strong></span> <span class='ocrx_word' id='word_1_28' title='bbox 1129 695 1352 780; x_wconf 89' lang='lat' dir='ltr'><strong>commutandi,</strong></span> <span class='ocrx_word' id='word_1_29' title='bbox 1375 697 1460 781; x_wconf 85' lang='lat' dir='ltr'><strong>qued</strong></span> <span class='ocrx_word' id='word_1_30' title='bbox 1481 697 1541 765; x_wconf 91' lang='lat' dir='ltr'><strong>sibi</strong></span> <span class='ocrx_word' id='word_1_31' title='bbox 1559 698 1688 782; x_wconf 85' lang='lat' dir='ltr'><strong>suisque</strong></span> <span class='ocrx_word' id='word_1_32' title='bbox 1709 698 1817 767; x_wconf 90' lang='lat' dir='ltr'><strong>liberis</strong></span> <span class='ocrx_word' id='word_1_33' title='bbox 1841 704 1876 767; x_wconf 89' lang='lat' dir='ltr'><strong>et</strong></span> <span class='ocrx_word' id='word_1_34' title='bbox 1903 699 2070 771; x_wconf 79' lang='lat' dir='ltr'><strong>heredibus</strong></span> <span class='ocrx_word' id='word_1_35' title='bbox 2094 727 2149 782; x_wconf 81' lang='lat' dir='ltr'><strong>seu</strong></span> 
     </span>
     <span class='ocr_line' id='line_1_5' title="bbox 603 795 2150 882; baseline 0.008 -18"><span class='ocrx_word' id='word_1_36' title='bbox 603 795 835 864; x_wconf 71' lang='lat' dir='ltr'><strong>comessoribus</strong></span> <span class='ocrx_word' id='word_1_37' title='bbox 860 796 969 864; x_wconf 89' lang='lat' dir='ltr'><strong>utilius</strong></span> <span class='ocrx_word' id='word_1_38' title='bbox 994 796 1153 864; x_wconf 86' lang='lat' dir='ltr'><strong>videbitur</strong></span> <span class='ocrx_word' id='word_1_39' title='bbox 1179 798 1335 882; x_wconf 85' lang='lat' dir='ltr'><strong>expedire.</strong></span> <span class='ocrx_word' id='word_1_40' title='bbox 1379 800 1460 867; x_wconf 89' lang='lat' dir='ltr'><strong>ltem</strong></span> <span class='ocrx_word' id='word_1_41' title='bbox 1486 801 1585 869; x_wconf 90' lang='lat' dir='ltr'><strong>eciam</strong></span> <span class='ocrx_word' id='word_1_42' title='bbox 1610 801 1722 869; x_wconf 90' lang='lat' dir='ltr'><strong>damus</strong></span> <span class='ocrx_word' id='word_1_43' title='bbox 1749 800 1782 867; x_wconf 93' lang='lat' dir='ltr'><strong>in</strong></span> <span class='ocrx_word' id='word_1_44' title='bbox 1806 800 1929 869; x_wconf 83' lang='lat' dir='ltr'><strong>Perricc</strong></span> <span class='ocrx_word' id='word_1_45' title='bbox 1954 810 2150 882; x_wconf 76' lang='lat' dir='ltr'><strong>manentibus</strong></span> 
     </span>
     <span class='ocr_line' id='line_1_6' title="bbox 603 896 2158 992; baseline 0.002 -28"><span class='ocrx_word' id='word_1_46' title='bbox 603 914 683 983; x_wconf 81' lang='lat' dir='ltr'><strong>enos</strong></span> <span class='ocrx_word' id='word_1_47' title='bbox 700 896 901 966; x_wconf 70' lang='lat' dir='ltr'><strong>advocaverit</strong></span> <span class='ocrx_word' id='word_1_48' title='bbox 920 902 955 965; x_wconf 89' lang='lat' dir='ltr'><strong>et</strong></span> <span class='ocrx_word' id='word_1_49' title='bbox 973 897 1126 965; x_wconf 80' lang='lat' dir='ltr'><strong>locaverit</strong></span> <span class='ocrx_word' id='word_1_50' title='bbox 1146 897 1326 981; x_wconf 84' lang='lat' dir='ltr'><strong>advocatus,</strong></span> <span class='ocrx_word' id='word_1_51' title='bbox 1349 900 1456 968; x_wconf 91' lang='lat' dir='ltr'><strong>decem</strong></span> <span class='ocrx_word' id='word_1_52' title='bbox 1478 907 1513 967; x_wconf 92' lang='lat' dir='ltr'><strong>et</strong></span> <span class='ocrx_word' id='word_1_53' title='bbox 1533 907 1605 970; x_wconf 85' lang='lat' dir='ltr'><strong>ecto</strong></span> <span class='ocrx_word' id='word_1_54' title='bbox 1626 920 1780 992; x_wconf 85' lang='lat' dir='ltr'><strong>annerum</strong></span> <span class='ocrx_word' id='word_1_55' title='bbox 1801 921 1823 968; x_wconf 87' lang='lat' dir='ltr'><strong>u</strong></span> <span class='ocrx_word' id='word_1_56' title='bbox 1842 900 1924 970; x_wconf 81' lang='lat' dir='ltr'><strong>leste</strong></span> <span class='ocrx_word' id='word_1_57' title='bbox 1945 906 2049 972; x_wconf 90' lang='lat' dir='ltr'><strong>sancti</strong></span> <span class='ocrx_word' id='word_1_58' title='bbox 2067 907 2158 979; x_wconf 70' lang='lat' dir='ltr'><strong>Mer.⁴</strong></span> 
     </span>
     <span class='ocr_line' id='line_1_7' title="bbox 603 999 2195 1088; baseline -0.001 -19"><span class='ocrx_word' id='word_1_59' title='bbox 603 999 664 1069; x_wconf 85' lang='lat' dir='ltr'><strong>dni</strong></span> <span class='ocrx_word' id='word_1_60' title='bbox 684 1000 826 1088; x_wconf 88' lang='lat' dir='ltr'><strong>proxime</strong></span> <span class='ocrx_word' id='word_1_61' title='bbox 846 1004 978 1067; x_wconf 80' lang='lat' dir='ltr'><strong>uenturo</strong></span> <span class='ocrx_word' id='word_1_62' title='bbox 997 1000 1207 1068; x_wconf 88' lang='lat' dir='ltr'><strong>omnimodam</strong></span> <span class='ocrx_word' id='word_1_63' title='bbox 1229 1019 1268 1069; x_wconf 88' lang='lat' dir='ltr'><strong>ac</strong></span> <span class='ocrx_word' id='word_1_64' title='bbox 1288 1002 1462 1086; x_wconf 75' lang='lat' dir='ltr'><strong>plenariam</strong></span> <span class='ocrx_word' id='word_1_65' title='bbox 1483 1001 1679 1084; x_wconf 67' lang='lat' dir='ltr'><strong>libertatem</strong></span> <span class='ocrx_word' id='word_1_66' title='bbox 1709 1002 1824 1087; x_wconf 85' lang='lat' dir='ltr'><strong>elapsis</strong></span> <span class='ocrx_word' id='word_1_67' title='bbox 1849 1020 1924 1070; x_wconf 83' lang='lat' dir='ltr'><strong>sero</strong></span> <span class='ocrx_word' id='word_1_68' title='bbox 1944 1006 2038 1071; x_wconf 86' lang='lat' dir='ltr'><strong>unnis</strong></span> <span class='ocrx_word' id='word_1_69' title='bbox 2060 1007 2150 1081; x_wconf 76' lang='lat' dir='ltr'><strong>liber.</strong></span> <span class='ocrx_word' id='word_1_70' title='bbox 2194 1055 2195 1058; x_wconf 63' lang='lat'><strong>,</strong></span> 
     </span>
     <span class='ocr_line' id='line_1_8' title="bbox 603 1100 2150 1190; baseline 0.005 -19"><span class='ocrx_word' id='word_1_71' title='bbox 603 1102 690 1184; x_wconf 83' lang='lat' dir='ltr'><strong>tetis,</strong></span> <span class='ocrx_word' id='word_1_72' title='bbox 709 1102 749 1169; x_wconf 90' lang='lat' dir='ltr'><strong>de</strong></span> <span class='ocrx_word' id='word_1_73' title='bbox 766 1100 907 1187; x_wconf 84' lang='lat' dir='ltr'><strong>quelibet</strong></span> <span class='ocrx_word' id='word_1_74' title='bbox 926 1118 1037 1169; x_wconf 88' lang='lat' dir='ltr'><strong>mense</strong></span> <span class='ocrx_word' id='word_1_75' title='bbox 1062 1107 1201 1185; x_wconf 82' lang='lat' dir='ltr'><strong>quatuor</strong></span> <span class='ocrx_word' id='word_1_76' title='bbox 1224 1118 1388 1170; x_wconf 77' lang='lat' dir='ltr'><strong>mensuras</strong></span> <span class='ocrx_word' id='word_1_77' title='bbox 1417 1102 1526 1184; x_wconf 90' lang='lat' dir='ltr'><strong>tritici,</strong></span> <span class='ocrx_word' id='word_1_78' title='bbox 1553 1110 1692 1188; x_wconf 81' lang='lat' dir='ltr'><strong>quatuor</strong></span> <span class='ocrx_word' id='word_1_79' title='bbox 1716 1102 1860 1187; x_wconf 80' lang='lat' dir='ltr'><strong>siliginis,</strong></span> <span class='ocrx_word' id='word_1_80' title='bbox 1889 1111 2029 1190; x_wconf 83' lang='lat' dir='ltr'><strong>qmteer</strong></span> <span class='ocrx_word' id='word_1_81' title='bbox 2055 1127 2150 1182; x_wconf 84' lang='lat' dir='ltr'><strong>evene</strong></span> 
     </span>
    </p>

    <p class='ocr_par' dir='ltr' id='par_1_3' title="bbox 603 1202 2150 1289">
     <span class='ocr_line' id='line_1_9' title="bbox 603 1202 2150 1289; baseline -0.005 -16"><span class='ocrx_word' id='word_1_82' title='bbox 603 1209 637 1273; x_wconf 88' lang='lat' dir='ltr'><strong>et</strong></span> <span class='ocrx_word' id='word_1_83' title='bbox 656 1203 812 1272; x_wconf 79' lang='lat' dir='ltr'><strong>fertonem</strong></span> <span class='ocrx_word' id='word_1_84' title='bbox 833 1202 953 1270; x_wconf 86' lang='lat' dir='ltr'><strong>usuulis</strong></span> <span class='ocrx_word' id='word_1_85' title='bbox 973 1209 1099 1271; x_wconf 91' lang='lat' dir='ltr'><strong>menete</strong></span> <span class='ocrx_word' id='word_1_86' title='bbox 1120 1202 1211 1270; x_wconf 88' lang='lat' dir='ltr'><strong>nobis</strong></span> <span class='ocrx_word' id='word_1_87' title='bbox 1232 1202 1412 1287; x_wconf 78' lang='lat' dir='ltr'><strong>persolvent</strong></span> <span class='ocrx_word' id='word_1_88' title='bbox 1433 1203 1565 1287; x_wconf 78' lang='lat' dir='ltr'><strong>singulis</strong></span> <span class='ocrx_word' id='word_1_89' title='bbox 1585 1204 1688 1272; x_wconf 70' lang='lat' dir='ltr'><strong>annis</strong></span> <span class='ocrx_word' id='word_1_90' title='bbox 1732 1203 1885 1289; x_wconf 84' lang='lat' dir='ltr'><strong>Tempore</strong></span> <span class='ocrx_word' id='word_1_91' title='bbox 1905 1203 2065 1274; x_wconf 82' lang='lat' dir='ltr'><strong>libertatis</strong></span> <span class='ocrx_word' id='word_1_92' title='bbox 2086 1228 2150 1282; x_wconf 64' lang='grc' dir='ltr'><strong>ιω.</strong></span> 
     </span>
    </p>

    <p class='ocr_par' dir='ltr' id='par_1_4' title="bbox 602 1303 2149 1391">
     <span class='ocr_line' id='line_1_10' title="bbox 602 1303 2149 1391; baseline 0.001 -17"><span class='ocrx_word' id='word_1_93' title='bbox 602 1305 666 1374; x_wconf 87' lang='lat' dir='ltr'><strong>teri</strong></span> <span class='ocrx_word' id='word_1_94' title='bbox 686 1305 818 1375; x_wconf 86' lang='lat' dir='ltr'><strong>ecclesie</strong></span> <span class='ocrx_word' id='word_1_95' title='bbox 834 1323 894 1391; x_wconf 90' lang='lat' dir='ltr'><strong>pre</strong></span> <span class='ocrx_word' id='word_1_96' title='bbox 913 1304 1035 1373; x_wconf 88' lang='lat' dir='ltr'><strong>decima</strong></span> <span class='ocrx_word' id='word_1_97' title='bbox 1055 1322 1194 1374; x_wconf 86' lang='lat' dir='ltr'><strong>marcum</strong></span> <span class='ocrx_word' id='word_1_98' title='bbox 1214 1305 1335 1372; x_wconf 85' lang='lat' dir='ltr'><strong>soluere</strong></span> <span class='ocrx_word' id='word_1_99' title='bbox 1361 1304 1562 1372; x_wconf 85' lang='lat' dir='ltr'><strong>tenebuntur.</strong></span> <span class='ocrx_word' id='word_1_100' title='bbox 1606 1307 1690 1373; x_wconf 76' lang='lat' dir='ltr'><strong>Acte</strong></span> <span class='ocrx_word' id='word_1_101' title='bbox 1719 1312 1795 1373; x_wconf 89' lang='lat' dir='ltr'><strong>sunt</strong></span> <span class='ocrx_word' id='word_1_102' title='bbox 1819 1303 1878 1372; x_wconf 87' lang='lat' dir='ltr'><strong>bec</strong></span> <span class='ocrx_word' id='word_1_103' title='bbox 1903 1305 1938 1373; x_wconf 89' lang='lat' dir='ltr'><strong>in</strong></span> <span class='ocrx_word' id='word_1_104' title='bbox 1963 1306 2149 1383; x_wconf 71' lang='lat' dir='ltr'><strong>Granum</strong></span> 
     </span>
    </p>

    <p class='ocr_par' dir='ltr' id='par_1_5' title="bbox 601 1405 2172 1594">
     <span class='ocr_line' id='line_1_11' title="bbox 601 1405 2172 1491; baseline 0.003 -15"><span class='ocrx_word' id='word_1_105' title='bbox 601 1408 740 1477; x_wconf 73' lang='lat' dir='ltr'><strong>mistim</strong></span> <span class='ocrx_word' id='word_1_106' title='bbox 761 1412 872 1476; x_wconf 84' lang='lat' dir='ltr'><strong>sancte</strong></span> <span class='ocrx_word' id='word_1_107' title='bbox 891 1406 1058 1474; x_wconf 78' lang='lat' dir='ltr'><strong>Trinitatis</strong></span> <span class='ocrx_word' id='word_1_108' title='bbox 1078 1407 1277 1491; x_wconf 83' lang='lat' dir='ltr'><strong>presentibus</strong></span> <span class='ocrx_word' id='word_1_109' title='bbox 1298 1406 1360 1474; x_wconf 89' lang='lat' dir='ltr'><strong>hiis</strong></span> <span class='ocrx_word' id='word_1_110' title='bbox 1383 1407 1531 1475; x_wconf 85' lang='lat' dir='ltr'><strong>testibus:</strong></span> <span class='ocrx_word' id='word_1_111' title='bbox 1553 1406 1680 1475; x_wconf 91' lang='lat' dir='ltr'><strong>domino</strong></span> <span class='ocrx_word' id='word_1_112' title='bbox 1695 1405 1877 1491; x_wconf 81' lang='lat' dir='ltr'><strong>Gothpelde</strong></span> <span class='ocrx_word' id='word_1_113' title='bbox 1893 1405 2081 1476; x_wconf 88' lang='lat' dir='ltr'><strong>cuneellerio</strong></span> <span class='ocrx_word' id='word_1_114' title='bbox 2096 1429 2172 1480; x_wconf 53' lang='lat' dir='ltr'><strong>ner</strong></span> 
     </span>
     <span class='ocr_line' id='line_1_12' title="bbox 602 1507 2150 1594; baseline -0.001 -17"><span class='ocrx_word' id='word_1_115' title='bbox 602 1513 680 1592; x_wconf 85' lang='lat' dir='ltr'><strong>stro,</strong></span> <span class='ocrx_word' id='word_1_116' title='bbox 702 1507 829 1576; x_wconf 87' lang='lat' dir='ltr'><strong>Simone</strong></span> <span class='ocrx_word' id='word_1_117' title='bbox 850 1509 1000 1594; x_wconf 87' lang='lat' dir='ltr'><strong>pincerna</strong></span> <span class='ocrx_word' id='word_1_118' title='bbox 1021 1508 1202 1593; x_wconf 86' lang='lat' dir='ltr'><strong>Kalisicnsi,</strong></span> <span class='ocrx_word' id='word_1_119' title='bbox 1225 1509 1395 1576; x_wconf 81' lang='lat' dir='ltr'><strong>Miroslure</strong></span> <span class='ocrx_word' id='word_1_120' title='bbox 1414 1508 1586 1578; x_wconf 81' lang='lat' dir='ltr'><strong>castellano</strong></span> <span class='ocrx_word' id='word_1_121' title='bbox 1607 1508 1648 1576; x_wconf 92' lang='lat' dir='ltr'><strong>de</strong></span> <span class='ocrx_word' id='word_1_122' title='bbox 1662 1507 1841 1590; x_wconf 81' lang='lat' dir='ltr'><strong>Willreuia,</strong></span> <span class='ocrx_word' id='word_1_123' title='bbox 1862 1507 2030 1576; x_wconf 88' lang='lat' dir='ltr'><strong>Beniamin</strong></span> <span class='ocrx_word' id='word_1_124' title='bbox 2044 1527 2150 1582; x_wconf 79' lang='lat' dir='ltr'><strong>suece-</strong></span> 
     </span>
    </p>

    <p class='ocr_par' dir='ltr' id='par_1_6' title="bbox 601 1609 2153 1696">
     <span class='ocr_line' id='line_1_13' title="bbox 601 1609 2153 1696; baseline 0.001 -16"><span class='ocrx_word' id='word_1_125' title='bbox 601 1610 738 1680; x_wconf 86' lang='lat' dir='ltr'><strong>merarie</strong></span> <span class='ocrx_word' id='word_1_126' title='bbox 758 1609 939 1695; x_wconf 85' lang='lat' dir='ltr'><strong>Kalisiensi,</strong></span> <span class='ocrx_word' id='word_1_127' title='bbox 961 1611 1087 1679; x_wconf 90' lang='lat' dir='ltr'><strong>demine</strong></span> <span class='ocrx_word' id='word_1_128' title='bbox 1108 1610 1287 1694; x_wconf 78' lang='lat' dir='ltr'><strong>Hartunge,</strong></span> <span class='ocrx_word' id='word_1_129' title='bbox 1308 1609 1435 1678; x_wconf 92' lang='lat' dir='ltr'><strong>demine</strong></span> <span class='ocrx_word' id='word_1_130' title='bbox 1456 1610 1602 1678; x_wconf 87' lang='lat' dir='ltr'><strong>ldirestio</strong></span> <span class='ocrx_word' id='word_1_131' title='bbox 1630 1609 1803 1696; x_wconf 81' lang='lat' dir='ltr'><strong>capellania</strong></span> <span class='ocrx_word' id='word_1_132' title='bbox 1823 1609 1950 1692; x_wconf 64' lang='lat' dir='ltr'><strong>neseis,</strong></span> <span class='ocrx_word' id='word_1_133' title='bbox 1979 1628 2063 1678; x_wconf 87' lang='lat' dir='ltr'><strong>enno</strong></span> <span class='ocrx_word' id='word_1_134' title='bbox 2088 1613 2153 1682; x_wconf 75' lang='lat' dir='ltr'><strong>Do</strong></span> 
     </span>
    </p>

    <p class='ocr_par' dir='ltr' id='par_1_7' title="bbox 601 1710 2153 1800">
     <span class='ocr_line' id='line_1_14' title="bbox 601 1710 2153 1800; baseline 0.002 -19"><span class='ocrx_word' id='word_1_135' title='bbox 601 1711 679 1781; x_wconf 88' lang='lat' dir='ltr'><strong>mini</strong></span> <span class='ocrx_word' id='word_1_136' title='bbox 700 1711 865 1781; x_wconf 80' lang='lat' dir='ltr'><strong>millesimo</strong></span> <span class='ocrx_word' id='word_1_137' title='bbox 886 1712 1100 1781; x_wconf 85' lang='lat' dir='ltr'><strong>ducentesimo</strong></span> <span class='ocrx_word' id='word_1_138' title='bbox 1117 1711 1357 1798; x_wconf 70' lang='lat' dir='ltr'><strong>quadragesime</strong></span> <span class='ocrx_word' id='word_1_139' title='bbox 1379 1713 1487 1780; x_wconf 90' lang='lat' dir='ltr'><strong>tercie.</strong></span> <span class='ocrx_word' id='word_1_140' title='bbox 1531 1712 1651 1782; x_wconf 81' lang='lat' dir='ltr'><strong>Dotem</strong></span> <span class='ocrx_word' id='word_1_141' title='bbox 1671 1731 1730 1800; x_wconf 90' lang='lat' dir='ltr'><strong>per</strong></span> <span class='ocrx_word' id='word_1_142' title='bbox 1750 1729 1861 1780; x_wconf 86' lang='lat' dir='ltr'><strong>menes</strong></span> <span class='ocrx_word' id='word_1_143' title='bbox 1882 1710 2021 1783; x_wconf 82' lang='lat' dir='ltr'><strong>conradi</strong></span> <span class='ocrx_word' id='word_1_144' title='bbox 2034 1717 2153 1784; x_wconf 83' lang='lat' dir='ltr'><strong>notorii·</strong></span> 
     </span>
    </p>

    <p class='ocr_par' dir='ltr' id='par_1_8' title="bbox 600 1811 2007 1885">
     <span class='ocr_line' id='line_1_15' title="bbox 600 1811 2007 1885; baseline 0.001 0"><span class='ocrx_word' id='word_1_145' title='bbox 600 1813 688 1885; x_wconf 85' lang='lat' dir='ltr'><strong>curie</strong></span> <span class='ocrx_word' id='word_1_146' title='bbox 708 1819 826 1885; x_wconf 68' lang='lat' dir='ltr'><strong>nesae</strong></span> <span class='ocrx_word' id='word_1_147' title='bbox 2000 1811 2007 1822; x_wconf 86' lang='lat'>&#39;</span> 
     </span>
    </p>
   </div>
   <div class='ocr_carea' id='block_1_3' title="bbox 601 2015 2148 2209">
    <p class='ocr_par' dir='ltr' id='par_1_9' title="bbox 601 2015 2148 2209">
     <span class='ocr_line' id='line_1_16' title="bbox 703 2015 2148 2106; baseline -0.001 -18"><span class='ocrx_word' id='word_1_148' title='bbox 703 2015 836 2104; x_wconf 76' lang='lat' dir='ltr'><strong>Persice,</strong></span> <span class='ocrx_word' id='word_1_149' title='bbox 869 2022 999 2087; x_wconf 69' lang='lat' dir='ltr'><strong>Penidr„</strong></span> <span class='ocrx_word' id='word_1_150' title='bbox 1042 2020 1169 2088; x_wconf 80' lang='lat' dir='ltr'><strong>Montes</strong></span> <span class='ocrx_word' id='word_1_151' title='bbox 1198 2019 1337 2090; x_wconf 67' lang='lat' dir='ltr'><strong>utentes</strong></span> <span class='ocrx_word' id='word_1_152' title='bbox 1362 2020 1396 2088; x_wconf 92' lang='lat' dir='ltr'><strong>in</strong></span> <span class='ocrx_word' id='word_1_153' title='bbox 1422 2019 1526 2089; x_wconf 89' lang='lat' dir='ltr'><strong>medie</strong></span> <span class='ocrx_word' id='word_1_154' title='bbox 1551 2017 1650 2104; x_wconf 90' lang='lat' dir='ltr'><strong>lacus,</strong></span> <span class='ocrx_word' id='word_1_155' title='bbox 1676 2023 1763 2102; x_wconf 63' lang='lat' dir='ltr'><strong>dium</strong></span> <span class='ocrx_word' id='word_1_156' title='bbox 1787 2026 1800 2086; x_wconf 85' lang='lat' dir='ltr'><strong>e·</strong></span> <span class='ocrx_word' id='word_1_157' title='bbox 1824 2023 1972 2103; x_wconf 63' lang='lat' dir='ltr'><strong>nemete</strong></span> <span class='ocrx_word' id='word_1_158' title='bbox 1992 2019 2148 2106; x_wconf 64' lang='lat' dir='ltr'><strong>pdlamep</strong></span> 
     </span>
     <span class='ocr_line' id='line_1_17' title="bbox 601 2120 2025 2209; baseline 0.004 -24"><span class='ocrx_word' id='word_1_159' title='bbox 601 2121 782 2209; x_wconf 62' lang='lat' dir='ltr'><strong>uclodmp</strong></span> <span class='ocrx_word' id='word_1_160' title='bbox 801 2124 969 2201; x_wconf 77' lang='lat' dir='ltr'><strong>uscziero,</strong></span> <span class='ocrx_word' id='word_1_161' title='bbox 992 2141 1035 2187; x_wconf 83' lang='lat' dir='ltr'><strong>ee</strong></span> <span class='ocrx_word' id='word_1_162' title='bbox 1052 2120 1170 2204; x_wconf 62' lang='lat' dir='ltr'><strong>trema</strong></span> <span class='ocrx_word' id='word_1_163' title='bbox 1190 2125 1256 2205; x_wconf 76' lang='lat' dir='ltr'><strong>esp</strong></span> <span class='ocrx_word' id='word_1_164' title='bbox 1274 2126 1395 2191; x_wconf 76' lang='lat' dir='ltr'><strong>kelerie</strong></span> <span class='ocrx_word' id='word_1_165' title='bbox 1416 2125 1590 2190; x_wconf 78' lang='lat' dir='ltr'><strong>Perridtlra</strong></span> <span class='ocrx_word' id='word_1_166' title='bbox 1633 2121 1814 2206; x_wconf 77' lang='lat' dir='ltr'><strong>Wilkerria,</strong></span> <span class='ocrx_word' id='word_1_167' title='bbox 1842 2125 2025 2205; x_wconf 55' lang='grc' dir='ltr'><strong>Μηνὶ</strong></span> 
     </span>
    </p>
   </div>
   <div class='ocr_carea' id='block_1_4' title="bbox 1270 2414 1478 2507">
    <p class='ocr_par' dir='ltr' id='par_1_10' title="bbox 1270 2414 1478 2507">
     <span class='ocr_line' id='line_1_18' title="bbox 1270 2414 1478 2507; baseline 0 0"><span class='ocrx_word' id='word_1_168' title='bbox 1270 2415 1346 2507; x_wconf 77' lang='lat' dir='ltr'><strong>Ne.</strong></span> <span class='ocrx_word' id='word_1_169' title='bbox 1376 2414 1478 2507; x_wconf 83' lang='lat'>241.</span> 
     </span>
    </p>
   </div>
   <div class='ocr_carea' id='block_1_5' title="bbox 574 2612 2148 3227">
    <p class='ocr_par' dir='ltr' id='par_1_11' title="bbox 574 2612 2148 3227">
     <span class='ocr_line' id='line_1_19' title="bbox 701 2612 2148 2725; baseline -0.001 -26"><span class='ocrx_word' id='word_1_170' title='bbox 701 2612 910 2720; x_wconf 73' lang='lat' dir='ltr'><strong>summm</strong></span> <span class='ocrx_word' id='word_1_171' title='bbox 927 2613 1168 2698; x_wconf 80' lang='lat' dir='ltr'><strong>lemodicas.</strong></span> <span class='ocrx_word' id='word_1_172' title='bbox 1186 2613 1336 2698; x_wconf 88' lang='lat' dir='ltr'><strong>ecclesie</strong></span> <span class='ocrx_word' id='word_1_173' title='bbox 1354 2613 1510 2718; x_wconf 87' lang='lat' dir='ltr'><strong>episcop.</strong></span> <span class='ocrx_word' id='word_1_174' title='bbox 1535 2616 1668 2701; x_wconf 76' lang='lat'>1243</span> <span class='ocrx_word' id='word_1_175' title='bbox 1695 2613 1765 2697; x_wconf 84' lang='lat' dir='ltr'><strong>dot</strong></span> <span class='ocrx_word' id='word_1_176' title='bbox 1791 2618 1867 2712; x_wconf 80' lang='lat'><strong>12,</strong></span> <span class='ocrx_word' id='word_1_177' title='bbox 1892 2634 1922 2696; x_wconf 87' lang='lat' dir='ltr'><strong>s</strong></span> <span class='ocrx_word' id='word_1_178' title='bbox 1946 2613 1990 2716; x_wconf 70' lang='lat' dir='ltr'><strong>Le</strong></span> <span class='ocrx_word' id='word_1_179' title='bbox 2011 2612 2148 2725; x_wconf 72' lang='lat' dir='ltr'><strong>neem</strong></span> 
     </span>
     <span class='ocr_line' id='line_1_20' title="bbox 598 2731 2147 2821; baseline -0.001 -17"><span class='ocrx_word' id='word_1_180' title='bbox 598 2733 746 2804; x_wconf 75' lang='lat' dir='ltr'><strong>villarum</strong></span> <span class='ocrx_word' id='word_1_181' title='bbox 776 2733 912 2821; x_wconf 84' lang='lat' dir='ltr'><strong>ldalpln,</strong></span> <span class='ocrx_word' id='word_1_182' title='bbox 940 2733 1110 2818; x_wconf 86' lang='lat' dir='ltr'><strong>Grednicu,</strong></span> <span class='ocrx_word' id='word_1_183' title='bbox 1139 2732 1354 2820; x_wconf 76' lang='lat' dir='ltr'><strong>ldiedzyehod,</strong></span> <span class='ocrx_word' id='word_1_184' title='bbox 1386 2733 1525 2817; x_wconf 81' lang='lat' dir='ltr'><strong>Deloue,</strong></span> <span class='ocrx_word' id='word_1_185' title='bbox 1557 2733 1742 2818; x_wconf 73' lang='lat' dir='ltr'><strong>Reposcere,</strong></span> <span class='ocrx_word' id='word_1_186' title='bbox 1770 2732 1905 2802; x_wconf 79' lang='lat' dir='ltr'><strong>Smelice</strong></span> <span class='ocrx_word' id='word_1_187' title='bbox 1929 2739 1964 2801; x_wconf 91' lang='lat' dir='ltr'><strong>et</strong></span> <span class='ocrx_word' id='word_1_188' title='bbox 1991 2731 2147 2816; x_wconf 84' lang='lat' dir='ltr'><strong>ciebeuo,</strong></span> 
     </span>
     <span class='ocr_line' id='line_1_21' title="bbox 598 2834 2146 2924; baseline -0.002 -18"><span class='ocrx_word' id='word_1_189' title='bbox 598 2853 678 2924; x_wconf 79' lang='lat' dir='ltr'><strong>quas</strong></span> <span class='ocrx_word' id='word_1_190' title='bbox 697 2836 925 2906; x_wconf 83' lang='lat' dir='ltr'><strong>monesterium</strong></span> <span class='ocrx_word' id='word_1_191' title='bbox 945 2834 986 2904; x_wconf 91' lang='lat' dir='ltr'><strong>de</strong></span> <span class='ocrx_word' id='word_1_192' title='bbox 1005 2835 1110 2904; x_wconf 71' lang='lat' dir='ltr'><strong>lubin</strong></span> <span class='ocrx_word' id='word_1_193' title='bbox 1131 2836 1236 2903; x_wconf 90' lang='lat' dir='ltr'><strong>minus</strong></span> <span class='ocrx_word' id='word_1_194' title='bbox 1256 2835 1339 2904; x_wconf 85' lang='lat' dir='ltr'><strong>iuste</strong></span> <span class='ocrx_word' id='word_1_195' title='bbox 1355 2836 1496 2904; x_wconf 72' lang='lat' dir='ltr'><strong>tennism</strong></span> <span class='ocrx_word' id='word_1_196' title='bbox 1515 2835 1695 2918; x_wconf 88' lang='lat' dir='ltr'><strong>condtstur,</strong></span> <span class='ocrx_word' id='word_1_197' title='bbox 1714 2835 1816 2903; x_wconf 90' lang='lat' dir='ltr'><strong>eidem</strong></span> <span class='ocrx_word' id='word_1_198' title='bbox 1832 2836 2026 2903; x_wconf 62' lang='lat' dir='ltr'><strong>monaterio</strong></span> <span class='ocrx_word' id='word_1_199' title='bbox 2041 2835 2146 2903; x_wconf 86' lang='lat' dir='ltr'><strong>donet</strong></span> 
     </span>
     <span class='ocr_line' id='line_1_22' title="bbox 706 2935 2147 3024; baseline -0.003 -18"><span class='ocrx_word' id='word_1_200' title='bbox 706 2943 904 3020; x_wconf 70' lang='lat' dir='ltr'><strong>dimummpt</strong></span> <span class='ocrx_word' id='word_1_201' title='bbox 929 2942 1157 3022; x_wconf 61' lang='lat' dir='ltr'><strong>polemone</strong></span> <span class='ocrx_word' id='word_1_202' title='bbox 1184 2958 1296 3020; x_wconf 73' lang='lat' dir='ltr'><strong>pnes:</strong></span> <span class='ocrx_word' id='word_1_203' title='bbox 1328 2937 1473 3006; x_wconf 75' lang='lat' dir='ltr'><strong>nedem</strong></span> <span class='ocrx_word' id='word_1_204' title='bbox 1501 2937 1638 3024; x_wconf 80' lang='lat' dir='ltr'><strong>episcop.</strong></span> <span class='ocrx_word' id='word_1_205' title='bbox 1670 2935 1876 3006; x_wconf 65' lang='lat' dir='ltr'><strong>barmim</strong></span> <span class='ocrx_word' id='word_1_206' title='bbox 1906 2935 1990 3006; x_wconf 80' lang='lat'>1443</span> <span class='ocrx_word' id='word_1_207' title='bbox 2012 2939 2094 3023; x_wconf 74' lang='lat' dir='ltr'><strong>Aug.</strong></span> <span class='ocrx_word' id='word_1_208' title='bbox 2117 2937 2147 3020; x_wconf 90' lang='lat'><strong>1,</strong></span> 
     </span>
     <span class='ocr_line' id='line_1_23' title="bbox 597 3038 1552 3127; baseline -0.006 -14"><span class='ocrx_word' id='word_1_209' title='bbox 597 3040 768 3124; x_wconf 75' lang='lat' dir='ltr'><strong>Posoml03</strong></span> <span class='ocrx_word' id='word_1_210' title='bbox 788 3064 816 3107; x_wconf 79' lang='lat' dir='ltr'><em>n</em></span> <span class='ocrx_word' id='word_1_211' title='bbox 832 3060 970 3124; x_wconf 67' lang='lat' dir='ltr'><strong>werra</strong></span> <span class='ocrx_word' id='word_1_212' title='bbox 991 3047 1127 3123; x_wconf 68' lang='lat' dir='ltr'><strong>epeia,</strong></span> <span class='ocrx_word' id='word_1_213' title='bbox 1148 3039 1272 3121; x_wconf 81' lang='lat' dir='ltr'><strong>lrldrepe</strong></span> <span class='ocrx_word' id='word_1_214' title='bbox 1288 3038 1414 3127; x_wconf 72' lang='lat' dir='ltr'><strong>pieezpd</strong></span> <span class='ocrx_word' id='word_1_215' title='bbox 1434 3043 1552 3107; x_wconf 72' lang='lat' dir='ltr'><strong>suilla</strong></span> 
     </span>
     <span class='ocr_line' id='line_1_24' title="bbox 574 3135 1444 3227; baseline -0.002 -14"><span class='ocrx_word' id='word_1_216' title='bbox 574 3144 576 3148; x_wconf 89' lang='grc'><em>·</em></span> <span class='ocrx_word' id='word_1_217' title='bbox 701 3143 838 3212; x_wconf 68' lang='lat' dir='ltr'><strong>mmet.</strong></span> <span class='ocrx_word' id='word_1_218' title='bbox 883 3145 958 3212; x_wconf 82' lang='lat' dir='ltr'><strong>aer.</strong></span> <span class='ocrx_word' id='word_1_219' title='bbox 979 3135 1312 3227; x_wconf 61' lang='lat' dir='ltr'><strong>mesenensem</strong></span> <span class='ocrx_word' id='word_1_220' title='bbox 1330 3146 1368 3210; x_wconf 83' lang='lat' dir='ltr'><strong>s.</strong></span> <span class='ocrx_word' id='word_1_221' title='bbox 1389 3143 1444 3211; x_wconf 85' lang='lat' dir='ltr'><strong>ea</strong></span> 
     </span>
    </p>
   </div>
   <div class='ocr_carea' id='block_1_6' title="bbox 593 3346 2147 3943">
    <p class='ocr_par' dir='ltr' id='par_1_12' title="bbox 593 3346 2147 3943">
     <span class='ocr_line' id='line_1_25' title="bbox 698 3346 2147 3432; baseline -0.003 -15"><span class='ocrx_word' id='word_1_222' title='bbox 698 3349 737 3417; x_wconf 94' lang='lat' dir='ltr'><strong>1n</strong></span> <span class='ocrx_word' id='word_1_223' title='bbox 757 3347 885 3417; x_wconf 89' lang='lat' dir='ltr'><strong>nomine</strong></span> <span class='ocrx_word' id='word_1_224' title='bbox 905 3346 978 3416; x_wconf 87' lang='lat' dir='ltr'><strong>lesu</strong></span> <span class='ocrx_word' id='word_1_225' title='bbox 998 3346 1097 3415; x_wconf 76' lang='lat' dir='ltr'><strong>crire</strong></span> <span class='ocrx_word' id='word_1_226' title='bbox 1118 3367 1220 3416; x_wconf 84' lang='lat' dir='ltr'><strong>amem</strong></span> <span class='ocrx_word' id='word_1_227' title='bbox 1253 3347 1366 3416; x_wconf 79' lang='lat' dir='ltr'><strong>Multis</strong></span> <span class='ocrx_word' id='word_1_228' title='bbox 1388 3347 1561 3416; x_wconf 85' lang='lat' dir='ltr'><strong>incomedir</strong></span> <span class='ocrx_word' id='word_1_229' title='bbox 1581 3347 1756 3432; x_wconf 84' lang='lat' dir='ltr'><strong>prudenter</strong></span> <span class='ocrx_word' id='word_1_230' title='bbox 1768 3346 1971 3430; x_wconf 79' lang='lat' dir='ltr'><strong>occurrimus,</strong></span> <span class='ocrx_word' id='word_1_231' title='bbox 1992 3364 2065 3415; x_wconf 90' lang='lat' dir='ltr'><strong>cum</strong></span> <span class='ocrx_word' id='word_1_232' title='bbox 2078 3353 2147 3414; x_wconf 86' lang='lat' dir='ltr'><strong>eta·</strong></span> 
     </span>
     <span class='ocr_line' id='line_1_26' title="bbox 595 3448 2147 3536; baseline -0.004 -16"><span class='ocrx_word' id='word_1_233' title='bbox 595 3451 639 3520; x_wconf 87' lang='lat' dir='ltr'><strong>tis</strong></span> <span class='ocrx_word' id='word_1_234' title='bbox 658 3457 767 3520; x_wconf 71' lang='lat' dir='ltr'><strong>nosne</strong></span> <span class='ocrx_word' id='word_1_235' title='bbox 787 3451 918 3536; x_wconf 76' lang='lat' dir='ltr'><strong>negocia</strong></span> <span class='ocrx_word' id='word_1_236' title='bbox 937 3448 1119 3517; x_wconf 86' lang='lat' dir='ltr'><strong>litterarum</strong></span> <span class='ocrx_word' id='word_1_237' title='bbox 1145 3450 1296 3519; x_wconf 88' lang='lat' dir='ltr'><strong>memorie</strong></span> <span class='ocrx_word' id='word_1_238' title='bbox 1324 3450 1556 3518; x_wconf 85' lang='lat' dir='ltr'><strong>comendamus.</strong></span> <span class='ocrx_word' id='word_1_239' title='bbox 1600 3450 1686 3518; x_wconf 86' lang='lat' dir='ltr'><strong>Hinc</strong></span> <span class='ocrx_word' id='word_1_240' title='bbox 1705 3455 1757 3518; x_wconf 89' lang='lat' dir='ltr'><strong>est</strong></span> <span class='ocrx_word' id='word_1_241' title='bbox 1780 3448 1866 3536; x_wconf 87' lang='lat' dir='ltr'><strong>quod</strong></span> <span class='ocrx_word' id='word_1_242' title='bbox 1891 3467 1950 3534; x_wconf 76' lang='lat' dir='ltr'><strong>ego</strong></span> <span class='ocrx_word' id='word_1_243' title='bbox 1975 3448 2147 3532; x_wconf 73' lang='lat' dir='ltr'><strong>Begublns</strong></span> 
     </span>
     <span class='ocr_line' id='line_1_27' title="bbox 594 3550 2146 3639; baseline -0.004 -16"><span class='ocrx_word' id='word_1_244' title='bbox 594 3552 656 3623; x_wconf 87' lang='lat' dir='ltr'><strong>Dei</strong></span> <span class='ocrx_word' id='word_1_245' title='bbox 683 3554 790 3639; x_wconf 72' lang='lat' dir='ltr'><strong>made</strong></span> <span class='ocrx_word' id='word_1_246' title='bbox 813 3552 1037 3621; x_wconf 82' lang='lat' dir='ltr'><strong>Poenanicnsis</strong></span> <span class='ocrx_word' id='word_1_247' title='bbox 1066 3553 1196 3621; x_wconf 81' lang='lat' dir='ltr'><strong>ecclesie</strong></span> <span class='ocrx_word' id='word_1_248' title='bbox 1226 3553 1390 3637; x_wconf 86' lang='lat' dir='ltr'><strong>episcopus</strong></span> <span class='ocrx_word' id='word_1_249' title='bbox 1416 3557 1527 3620; x_wconf 91' lang='lat' dir='ltr'><strong>netum</strong></span> <span class='ocrx_word' id='word_1_250' title='bbox 1553 3551 1635 3620; x_wconf 79' lang='lat' dir='ltr'><strong>fecie</strong></span> <span class='ocrx_word' id='word_1_251' title='bbox 1661 3551 1816 3619; x_wconf 84' lang='lat' dir='ltr'><strong>uniuersis</strong></span> <span class='ocrx_word' id='word_1_252' title='bbox 1844 3550 1964 3618; x_wconf 79' lang='lat' dir='ltr'><strong>christi</strong></span> <span class='ocrx_word' id='word_1_253' title='bbox 1992 3550 2146 3631; x_wconf 81' lang='lat' dir='ltr'><strong>fidelibus,</strong></span> 
     </span>
     <span class='ocr_line' id='line_1_28' title="bbox 595 3651 2146 3742; baseline -0.004 -16"><span class='ocrx_word' id='word_1_254' title='bbox 595 3655 680 3742; x_wconf 83' lang='lat' dir='ltr'><strong>qaod</strong></span> <span class='ocrx_word' id='word_1_255' title='bbox 697 3656 842 3724; x_wconf 89' lang='lat' dir='ltr'><strong>dominus</strong></span> <span class='ocrx_word' id='word_1_256' title='bbox 863 3654 1019 3723; x_wconf 90' lang='lat' dir='ltr'><strong>Iohannes</strong></span> <span class='ocrx_word' id='word_1_257' title='bbox 1036 3655 1134 3723; x_wconf 81' lang='lat' dir='ltr'><strong>obbas</strong></span> <span class='ocrx_word' id='word_1_258' title='bbox 1154 3655 1342 3724; x_wconf 89' lang='lat' dir='ltr'><strong>Lubinensis</strong></span> <span class='ocrx_word' id='word_1_259' title='bbox 1364 3655 1494 3724; x_wconf 87' lang='lat' dir='ltr'><strong>ecclesie</strong></span> <span class='ocrx_word' id='word_1_260' title='bbox 1512 3675 1617 3723; x_wconf 85' lang='lat' dir='ltr'><strong>ceram</strong></span> <span class='ocrx_word' id='word_1_261' title='bbox 1638 3673 1690 3723; x_wconf 90' lang='lat' dir='ltr'><strong>me</strong></span> <span class='ocrx_word' id='word_1_262' title='bbox 1713 3660 1748 3720; x_wconf 92' lang='lat' dir='ltr'><strong>et</strong></span> <span class='ocrx_word' id='word_1_263' title='bbox 1765 3651 1917 3720; x_wconf 81' lang='lat' dir='ltr'><strong>iratribus</strong></span> <span class='ocrx_word' id='word_1_264' title='bbox 1938 3654 2017 3721; x_wconf 89' lang='lat' dir='ltr'><strong>meis</strong></span> <span class='ocrx_word' id='word_1_265' title='bbox 2030 3653 2064 3720; x_wconf 92' lang='lat' dir='ltr'><strong>in</strong></span> <span class='ocrx_word' id='word_1_266' title='bbox 2087 3652 2146 3720; x_wconf 83' lang='lat' dir='ltr'><strong>Oc·</strong></span> 
     </span>
     <span class='ocr_line' id='line_1_29' title="bbox 595 3754 2146 3844; baseline -0.003 -18"><span class='ocrx_word' id='word_1_267' title='bbox 595 3757 698 3844; x_wconf 90' lang='lat' dir='ltr'><strong>pitulo</strong></span> <span class='ocrx_word' id='word_1_268' title='bbox 719 3763 828 3825; x_wconf 83' lang='lat' dir='ltr'><strong>nestm</strong></span> <span class='ocrx_word' id='word_1_269' title='bbox 849 3758 957 3825; x_wconf 81' lang='lat' dir='ltr'><strong>velens</strong></span> <span class='ocrx_word' id='word_1_270' title='bbox 978 3776 1036 3826; x_wconf 90' lang='lat' dir='ltr'><strong>sue</strong></span> <span class='ocrx_word' id='word_1_271' title='bbox 1056 3758 1229 3826; x_wconf 86' lang='lat' dir='ltr'><strong>salubriter</strong></span> <span class='ocrx_word' id='word_1_272' title='bbox 1250 3758 1442 3826; x_wconf 84' lang='lat' dir='ltr'><strong>consciencie</strong></span> <span class='ocrx_word' id='word_1_273' title='bbox 1463 3756 1628 3842; x_wconf 81' lang='lat' dir='ltr'><strong>previdere</strong></span> <span class='ocrx_word' id='word_1_274' title='bbox 1648 3754 1810 3824; x_wconf 79' lang='lat' dir='ltr'><strong>confessus</strong></span> <span class='ocrx_word' id='word_1_275' title='bbox 1830 3760 1890 3837; x_wconf 87' lang='lat' dir='ltr'><strong>cat,</strong></span> <span class='ocrx_word' id='word_1_276' title='bbox 1911 3754 1997 3839; x_wconf 91' lang='lat' dir='ltr'><strong>quod</strong></span> <span class='ocrx_word' id='word_1_277' title='bbox 2018 3754 2146 3840; x_wconf 86' lang='lat' dir='ltr'><strong>quidum</strong></span> 
     </span>
     <span class='ocr_line' id='line_1_30' title="bbox 593 3858 2146 3943; baseline -0.003 -14"><span class='ocrx_word' id='word_1_278' title='bbox 593 3858 726 3929; x_wconf 81' lang='lat' dir='ltr'><strong>ebbetes</strong></span> <span class='ocrx_word' id='word_1_279' title='bbox 751 3865 966 3928; x_wconf 77' lang='lat' dir='ltr'><strong>mtscesseres</strong></span> <span class='ocrx_word' id='word_1_280' title='bbox 988 3861 1048 3942; x_wconf 93' lang='lat' dir='ltr'><strong>sui,</strong></span> <span class='ocrx_word' id='word_1_281' title='bbox 1078 3861 1215 3927; x_wconf 85' lang='lat' dir='ltr'><strong>decimus</strong></span> <span class='ocrx_word' id='word_1_282' title='bbox 1244 3860 1374 3928; x_wconf 82' lang='lat' dir='ltr'><strong>ecclesie</strong></span> <span class='ocrx_word' id='word_1_283' title='bbox 1400 3859 1486 3926; x_wconf 87' lang='lat' dir='ltr'><strong>beuti</strong></span> <span class='ocrx_word' id='word_1_284' title='bbox 1515 3859 1603 3926; x_wconf 87' lang='lat' dir='ltr'><strong>Petri</strong></span> <span class='ocrx_word' id='word_1_285' title='bbox 1628 3863 1819 3943; x_wconf 83' lang='lat' dir='ltr'><strong>spectantes,</strong></span> <span class='ocrx_word' id='word_1_286' title='bbox 1847 3858 1982 3926; x_wconf 85' lang='lat' dir='ltr'><strong>suacium</strong></span> <span class='ocrx_word' id='word_1_287' title='bbox 2012 3875 2146 3942; x_wconf 85' lang='lat' dir='ltr'><strong>querum</strong></span> 
     </span>
    </p>
   </div>
   <div class='ocr_carea' id='block_1_7' title="bbox 593 3959 2251 4048">
    <p class='ocr_par' dir='ltr' id='par_1_13' title="bbox 593 3959 2251 4048">
     <span class='ocr_line' id='line_1_31' title="bbox 593 3959 2251 4048; baseline -0.002 -18"><span class='ocrx_word' id='word_1_288' title='bbox 593 3961 653 4030; x_wconf 86' lang='lat' dir='ltr'><strong>bec</strong></span> <span class='ocrx_word' id='word_1_289' title='bbox 673 3967 749 4030; x_wconf 90' lang='lat' dir='ltr'><strong>sunt</strong></span> <span class='ocrx_word' id='word_1_290' title='bbox 769 3961 910 4030; x_wconf 86' lang='lat' dir='ltr'><strong>nemine:</strong></span> <span class='ocrx_word' id='word_1_291' title='bbox 934 3962 1017 4029; x_wconf 88' lang='lat' dir='ltr'><strong>cirea</strong></span> <span class='ocrx_word' id='word_1_292' title='bbox 1039 3962 1171 4048; x_wconf 84' lang='lat' dir='ltr'><strong>Malpin,</strong></span> <span class='ocrx_word' id='word_1_293' title='bbox 1194 3961 1341 4030; x_wconf 83' lang='lat' dir='ltr'><strong>Gradere</strong></span> <span class='ocrx_word' id='word_1_294' title='bbox 1363 3966 1398 4029; x_wconf 90' lang='lat' dir='ltr'><strong>et</strong></span> <span class='ocrx_word' id='word_1_295' title='bbox 1418 3961 1625 4046; x_wconf 82' lang='lat' dir='ltr'><strong>Medzigerze,</strong></span> <span class='ocrx_word' id='word_1_296' title='bbox 1646 3962 1733 4028; x_wconf 86' lang='lat' dir='ltr'><strong>circe</strong></span> <span class='ocrx_word' id='word_1_297' title='bbox 1753 3959 1891 4043; x_wconf 80' lang='lat' dir='ltr'><strong>Daleue,</strong></span> <span class='ocrx_word' id='word_1_298' title='bbox 1916 3959 2092 4044; x_wconf 78' lang='lat' dir='ltr'><strong>Regezeue</strong></span> <span class='ocrx_word' id='word_1_299' title='bbox 2113 3963 2146 4026; x_wconf 90' lang='lat' dir='ltr'><strong>et</strong></span> <span class='ocrx_word' id='word_1_300' title='bbox 2249 3984 2251 3986; x_wconf 88' lang='lat'>·</span> 
     </span>
    </p>
   </div>
   <div class='ocr_carea' id='block_1_8' title="bbox 588 4059 2169 5066">
    <p class='ocr_par' dir='ltr' id='par_1_14' title="bbox 588 4059 2169 5066">
     <span class='ocr_line' id='line_1_32' title="bbox 592 4059 2144 4149; baseline -0.005 -16"><span class='ocrx_word' id='word_1_301' title='bbox 592 4063 755 4145; x_wconf 74' lang='lat' dir='ltr'><strong>Emollcze,</strong></span> <span class='ocrx_word' id='word_1_302' title='bbox 776 4064 880 4131; x_wconf 88' lang='lat' dir='ltr'><strong>minus</strong></span> <span class='ocrx_word' id='word_1_303' title='bbox 901 4064 984 4131; x_wconf 82' lang='lat' dir='ltr'><strong>inste</strong></span> <span class='ocrx_word' id='word_1_304' title='bbox 1005 4063 1186 4149; x_wconf 89' lang='lat' dir='ltr'><strong>usurpando</strong></span> <span class='ocrx_word' id='word_1_305' title='bbox 1208 4069 1391 4132; x_wconf 89' lang='lat' dir='ltr'><strong>tenuerunt:</strong></span> <span class='ocrx_word' id='word_1_306' title='bbox 1413 4063 1498 4130; x_wconf 88' lang='lat' dir='ltr'><strong>unde</strong></span> <span class='ocrx_word' id='word_1_307' title='bbox 1518 4064 1616 4147; x_wconf 88' lang='lat' dir='ltr'><strong>peciit</strong></span> <span class='ocrx_word' id='word_1_308' title='bbox 1636 4081 1721 4130; x_wconf 88' lang='lat' dir='ltr'><strong>eme</strong></span> <span class='ocrx_word' id='word_1_309' title='bbox 1742 4067 1777 4129; x_wconf 90' lang='lat' dir='ltr'><strong>et</strong></span> <span class='ocrx_word' id='word_1_310' title='bbox 1790 4061 1939 4130; x_wconf 83' lang='lat' dir='ltr'><strong>frutribus</strong></span> <span class='ocrx_word' id='word_1_311' title='bbox 1952 4062 2042 4144; x_wconf 89' lang='lat' dir='ltr'><strong>meis,</strong></span> <span class='ocrx_word' id='word_1_312' title='bbox 2057 4059 2144 4146; x_wconf 91' lang='lat' dir='ltr'><strong>quod</strong></span> 
     </span>
     <span class='ocr_line' id='line_1_33' title="bbox 592 4164 2145 4250; baseline -0.004 -15"><span class='ocrx_word' id='word_1_313' title='bbox 592 4165 634 4235; x_wconf 91' lang='lat' dir='ltr'><strong>de</strong></span> <span class='ocrx_word' id='word_1_314' title='bbox 651 4166 769 4235; x_wconf 70' lang='lat' dir='ltr'><strong>elsdn</strong></span> <span class='ocrx_word' id='word_1_315' title='bbox 789 4166 928 4234; x_wconf 91' lang='lat' dir='ltr'><strong>sortibus</strong></span> <span class='ocrx_word' id='word_1_316' title='bbox 949 4171 983 4234; x_wconf 92' lang='lat' dir='ltr'><strong>et</strong></span> <span class='ocrx_word' id='word_1_317' title='bbox 1004 4167 1104 4234; x_wconf 90' lang='lat' dir='ltr'><strong>eciam</strong></span> <span class='ocrx_word' id='word_1_318' title='bbox 1125 4166 1166 4234; x_wconf 92' lang='lat' dir='ltr'><strong>de</strong></span> <span class='ocrx_word' id='word_1_319' title='bbox 1186 4166 1263 4234; x_wconf 84' lang='lat' dir='ltr'><strong>uilla</strong></span> <span class='ocrx_word' id='word_1_320' title='bbox 1283 4185 1345 4250; x_wconf 84' lang='lat' dir='ltr'><strong>quc</strong></span> <span class='ocrx_word' id='word_1_321' title='bbox 1367 4164 1522 4233; x_wconf 81' lang='lat' dir='ltr'><strong>Ociehere</strong></span> <span class='ocrx_word' id='word_1_322' title='bbox 1544 4171 1745 4250; x_wconf 84' lang='lat' dir='ltr'><strong>nuncupetur</strong></span> <span class='ocrx_word' id='word_1_323' title='bbox 1759 4164 1910 4246; x_wconf 75' lang='lat' dir='ltr'><strong>decimes,</strong></span> <span class='ocrx_word' id='word_1_324' title='bbox 1925 4164 2032 4231; x_wconf 92' lang='lat' dir='ltr'><strong>domui</strong></span> <span class='ocrx_word' id='word_1_325' title='bbox 2047 4164 2145 4248; x_wconf 88' lang='lat' dir='ltr'><strong>ipsius</strong></span> 
     </span>
     <span class='ocr_line' id='line_1_34' title="bbox 595 4267 2145 4354; baseline -0.001 -18"><span class='ocrx_word' id='word_1_326' title='bbox 595 4268 630 4336; x_wconf 87' lang='lat' dir='ltr'><strong>iu</strong></span> <span class='ocrx_word' id='word_1_327' title='bbox 650 4273 837 4354; x_wconf 86' lang='lat' dir='ltr'><strong>perpetuum</strong></span> <span class='ocrx_word' id='word_1_328' title='bbox 858 4267 1063 4352; x_wconf 87' lang='lat' dir='ltr'><strong>possidendos</strong></span> <span class='ocrx_word' id='word_1_329' title='bbox 1084 4269 1334 4337; x_wconf 87' lang='lat' dir='ltr'><strong>concederemus.</strong></span> <span class='ocrx_word' id='word_1_330' title='bbox 1378 4268 1446 4336; x_wconf 88' lang='lat' dir='ltr'><strong>Nes</strong></span> <span class='ocrx_word' id='word_1_331' title='bbox 1467 4287 1542 4335; x_wconf 83' lang='lat' dir='ltr'><strong>rere</strong></span> <span class='ocrx_word' id='word_1_332' title='bbox 1563 4271 1631 4336; x_wconf 90' lang='lat' dir='ltr'><strong>eius</strong></span> <span class='ocrx_word' id='word_1_333' title='bbox 1657 4268 1856 4335; x_wconf 80' lang='lat' dir='ltr'><strong>devocionem</strong></span> <span class='ocrx_word' id='word_1_334' title='bbox 1878 4274 1913 4335; x_wconf 90' lang='lat' dir='ltr'><strong>et</strong></span> <span class='ocrx_word' id='word_1_335' title='bbox 1934 4267 2145 4334; x_wconf 83' lang='lat' dir='ltr'><strong>uoluntariam</strong></span> 
     </span>
     <span class='ocr_line' id='line_1_35' title="bbox 592 4368 2145 4456; baseline -0.004 -16"><span class='ocrx_word' id='word_1_336' title='bbox 592 4370 838 4452; x_wconf 88' lang='lat' dir='ltr'><strong>considerantes,</strong></span> <span class='ocrx_word' id='word_1_337' title='bbox 861 4371 960 4454; x_wconf 90' lang='lat' dir='ltr'><strong>ipsius</strong></span> <span class='ocrx_word' id='word_1_338' title='bbox 982 4371 1150 4437; x_wconf 87' lang='lat' dir='ltr'><strong>annuimus</strong></span> <span class='ocrx_word' id='word_1_339' title='bbox 1172 4370 1338 4452; x_wconf 80' lang='lat' dir='ltr'><strong>velunteti,</strong></span> <span class='ocrx_word' id='word_1_340' title='bbox 1360 4371 1409 4438; x_wconf 89' lang='lat' dir='ltr'><strong>ite</strong></span> <span class='ocrx_word' id='word_1_341' title='bbox 1430 4376 1547 4452; x_wconf 63' lang='lat' dir='ltr'><strong>umen,</strong></span> <span class='ocrx_word' id='word_1_342' title='bbox 1569 4371 1654 4456; x_wconf 87' lang='lat' dir='ltr'><strong>quod</strong></span> <span class='ocrx_word' id='word_1_343' title='bbox 1675 4371 1836 4454; x_wconf 88' lang='lat' dir='ltr'><strong>predictus</strong></span> <span class='ocrx_word' id='word_1_344' title='bbox 1862 4369 1960 4436; x_wconf 75' lang='lat' dir='ltr'><strong>abbas</strong></span> <span class='ocrx_word' id='word_1_345' title='bbox 1981 4368 2145 4436; x_wconf 85' lang='lat' dir='ltr'><strong>eeclesiam</strong></span> 
     </span>
     <span class='ocr_line' id='line_1_36' title="bbox 590 4470 2145 4556; baseline -0.003 -16"><span class='ocrx_word' id='word_1_346' title='bbox 590 4489 680 4540; x_wconf 75' lang='lat' dir='ltr'><strong>mam</strong></span> <span class='ocrx_word' id='word_1_347' title='bbox 701 4472 741 4539; x_wconf 91' lang='lat' dir='ltr'><strong>de</strong></span> <span class='ocrx_word' id='word_1_348' title='bbox 761 4473 918 4539; x_wconf 83' lang='lat' dir='ltr'><strong>communi</strong></span> <span class='ocrx_word' id='word_1_349' title='bbox 940 4472 1070 4556; x_wconf 89' lang='lat' dir='ltr'><strong>capituli</strong></span> <span class='ocrx_word' id='word_1_350' title='bbox 1092 4473 1141 4538; x_wconf 88' lang='lat' dir='ltr'><strong>sui</strong></span> <span class='ocrx_word' id='word_1_351' title='bbox 1160 4491 1315 4540; x_wconf 89' lang='lat' dir='ltr'><strong>consensu</strong></span> <span class='ocrx_word' id='word_1_352' title='bbox 1336 4471 1466 4539; x_wconf 79' lang='lat' dir='ltr'><strong>ecclesie</strong></span> <span class='ocrx_word' id='word_1_353' title='bbox 1484 4472 1569 4539; x_wconf 88' lang='lat' dir='ltr'><strong>beuti</strong></span> <span class='ocrx_word' id='word_1_354' title='bbox 1590 4472 1678 4540; x_wconf 88' lang='lat' dir='ltr'><strong>Petri</strong></span> <span class='ocrx_word' id='word_1_355' title='bbox 1698 4473 1732 4538; x_wconf 92' lang='lat' dir='ltr'><strong>in</strong></span> <span class='ocrx_word' id='word_1_356' title='bbox 1754 4491 1810 4539; x_wconf 82' lang='lat' dir='ltr'><strong>sex</strong></span> <span class='ocrx_word' id='word_1_357' title='bbox 1836 4471 1926 4540; x_wconf 90' lang='lat' dir='ltr'><strong>libris</strong></span> <span class='ocrx_word' id='word_1_358' title='bbox 1954 4470 2074 4538; x_wconf 89' lang='lat' dir='ltr'><strong>incensi</strong></span> <span class='ocrx_word' id='word_1_359' title='bbox 2096 4486 2145 4535; x_wconf 88' lang='lat' dir='ltr'><strong>re·</strong></span> 
     </span>
     <span class='ocr_line' id='line_1_37' title="bbox 590 4571 2144 4658; baseline -0.003 -16"><span class='ocrx_word' id='word_1_360' title='bbox 590 4573 672 4642; x_wconf 81' lang='lat' dir='ltr'><strong>didit</strong></span> <span class='ocrx_word' id='word_1_361' title='bbox 690 4571 881 4656; x_wconf 68' lang='lat' dir='ltr'><strong>censualem</strong></span> <span class='ocrx_word' id='word_1_362' title='bbox 903 4591 983 4657; x_wconf 86' lang='lat' dir='ltr'><strong>ques</strong></span> <span class='ocrx_word' id='word_1_363' title='bbox 1005 4574 1103 4641; x_wconf 88' lang='lat' dir='ltr'><strong>libras</strong></span> <span class='ocrx_word' id='word_1_364' title='bbox 1125 4576 1193 4657; x_wconf 91' lang='lat' dir='ltr'><strong>ipse</strong></span> <span class='ocrx_word' id='word_1_365' title='bbox 1214 4575 1313 4643; x_wconf 86' lang='lat' dir='ltr'><strong>abbas</strong></span> <span class='ocrx_word' id='word_1_366' title='bbox 1335 4593 1392 4658; x_wconf 85' lang='lat' dir='ltr'><strong>per</strong></span> <span class='ocrx_word' id='word_1_367' title='bbox 1413 4591 1448 4641; x_wconf 90' lang='lat' dir='ltr'><strong>se</strong></span> <span class='ocrx_word' id='word_1_368' title='bbox 1468 4574 1518 4641; x_wconf 86' lang='lat' dir='ltr'><strong>vel</strong></span> <span class='ocrx_word' id='word_1_369' title='bbox 1540 4593 1597 4658; x_wconf 91' lang='lat' dir='ltr'><strong>per</strong></span> <span class='ocrx_word' id='word_1_370' title='bbox 1618 4574 1767 4642; x_wconf 75' lang='lat' dir='ltr'><strong>nundum</strong></span> <span class='ocrx_word' id='word_1_371' title='bbox 1788 4592 1880 4640; x_wconf 90' lang='lat' dir='ltr'><strong>sunm</strong></span> <span class='ocrx_word' id='word_1_372' title='bbox 1902 4573 2035 4657; x_wconf 69' lang='lat' dir='ltr'><strong>mnprlis</strong></span> <span class='ocrx_word' id='word_1_373' title='bbox 2052 4571 2144 4639; x_wconf 69' lang='lat' dir='ltr'><strong>anub</strong></span> 
     </span>
     <span class='ocr_line' id='line_1_38' title="bbox 589 4673 2169 4762; baseline -0.002 -19"><span class='ocrx_word' id='word_1_374' title='bbox 589 4675 623 4743; x_wconf 86' lang='lat' dir='ltr'><strong>in</strong></span> <span class='ocrx_word' id='word_1_375' title='bbox 644 4675 752 4760; x_wconf 75' lang='lat' dir='ltr'><strong>vigalia</strong></span> <span class='ocrx_word' id='word_1_376' title='bbox 771 4675 873 4742; x_wconf 86' lang='lat' dir='ltr'><strong>suncti</strong></span> <span class='ocrx_word' id='word_1_377' title='bbox 893 4675 981 4742; x_wconf 88' lang='lat' dir='ltr'><strong>Petri</strong></span> <span class='ocrx_word' id='word_1_378' title='bbox 1002 4693 1037 4743; x_wconf 90' lang='lat' dir='ltr'><strong>se</strong></span> <span class='ocrx_word' id='word_1_379' title='bbox 1057 4676 1203 4760; x_wconf 88' lang='lat' dir='ltr'><strong>promisit</strong></span> <span class='ocrx_word' id='word_1_380' title='bbox 1224 4677 1411 4744; x_wconf 88' lang='lat' dir='ltr'><strong>soluturum.</strong></span> <span class='ocrx_word' id='word_1_381' title='bbox 1457 4676 1524 4744; x_wconf 88' lang='lat' dir='ltr'><strong>Nes</strong></span> <span class='ocrx_word' id='word_1_382' title='bbox 1546 4679 1654 4762; x_wconf 80' lang='lat' dir='ltr'><strong>iisque</strong></span> <span class='ocrx_word' id='word_1_383' title='bbox 1675 4677 1715 4744; x_wconf 92' lang='lat' dir='ltr'><strong>de</strong></span> <span class='ocrx_word' id='word_1_384' title='bbox 1734 4676 1891 4745; x_wconf 87' lang='lat' dir='ltr'><strong>communi</strong></span> <span class='ocrx_word' id='word_1_385' title='bbox 1913 4693 2067 4743; x_wconf 78' lang='lat' dir='ltr'><strong>eemensu</strong></span> <span class='ocrx_word' id='word_1_386' title='bbox 2080 4673 2143 4740; x_wconf 83' lang='lat' dir='ltr'><strong>ira·</strong></span> <span class='ocrx_word' id='word_1_387' title='bbox 2167 4721 2169 4726; x_wconf 30' lang='lat'><em>⁷</em></span> 
     </span>
     <span class='ocr_line' id='line_1_39' title="bbox 589 4775 2143 4862; baseline -0.003 -15"><span class='ocrx_word' id='word_1_388' title='bbox 589 4784 675 4847; x_wconf 72' lang='lat' dir='ltr'><strong>bum</strong></span> <span class='ocrx_word' id='word_1_389' title='bbox 692 4783 871 4844; x_wconf 91' lang='lat' dir='ltr'><strong>nestrorum</strong></span> <span class='ocrx_word' id='word_1_390' title='bbox 894 4776 1052 4861; x_wconf 86' lang='lat' dir='ltr'><strong>predictus</strong></span> <span class='ocrx_word' id='word_1_391' title='bbox 1074 4777 1212 4845; x_wconf 88' lang='lat' dir='ltr'><strong>decimas</strong></span> <span class='ocrx_word' id='word_1_392' title='bbox 1232 4779 1363 4846; x_wconf 80' lang='lat' dir='ltr'><strong>ecclesie</strong></span> <span class='ocrx_word' id='word_1_393' title='bbox 1379 4777 1552 4846; x_wconf 88' lang='lat' dir='ltr'><strong>Lubinensi</strong></span> <span class='ocrx_word' id='word_1_394' title='bbox 1565 4780 1774 4860; x_wconf 84' lang='lat' dir='ltr'><strong>concedimus,</strong></span> <span class='ocrx_word' id='word_1_395' title='bbox 1797 4797 1854 4862; x_wconf 92' lang='lat' dir='ltr'><strong>per</strong></span> <span class='ocrx_word' id='word_1_396' title='bbox 1866 4778 2028 4845; x_wconf 91' lang='lat' dir='ltr'><strong>deminum</strong></span> <span class='ocrx_word' id='word_1_397' title='bbox 2047 4775 2143 4846; x_wconf 73' lang='lat' dir='ltr'><strong>abba·</strong></span> 
     </span>
     <span class='ocr_line' id='line_1_40' title="bbox 589 4876 2144 4965; baseline -0.003 -17"><span class='ocrx_word' id='word_1_398' title='bbox 589 4885 655 4949; x_wconf 89' lang='lat' dir='ltr'><strong>tem</strong></span> <span class='ocrx_word' id='word_1_399' title='bbox 676 4880 775 4964; x_wconf 88' lang='lat' dir='ltr'><strong>ipsius</strong></span> <span class='ocrx_word' id='word_1_400' title='bbox 796 4879 960 4946; x_wconf 87' lang='lat' dir='ltr'><strong>ecclesiam</strong></span> <span class='ocrx_word' id='word_1_401' title='bbox 983 4880 1015 4945; x_wconf 90' lang='lat' dir='ltr'><strong>in</strong></span> <span class='ocrx_word' id='word_1_402' title='bbox 1037 4879 1179 4964; x_wconf 90' lang='lat' dir='ltr'><strong>predicto</strong></span> <span class='ocrx_word' id='word_1_403' title='bbox 1201 4900 1296 4948; x_wconf 91' lang='lat' dir='ltr'><strong>censu</strong></span> <span class='ocrx_word' id='word_1_404' title='bbox 1319 4880 1529 4965; x_wconf 87' lang='lat' dir='ltr'><strong>percipientes</strong></span> <span class='ocrx_word' id='word_1_405' title='bbox 1556 4881 1745 4949; x_wconf 80' lang='lat' dir='ltr'><strong>censualem.</strong></span> <span class='ocrx_word' id='word_1_406' title='bbox 1789 4882 1906 4947; x_wconf 79' lang='lat' dir='ltr'><strong>Actum</strong></span> <span class='ocrx_word' id='word_1_407' title='bbox 1931 4898 2015 4948; x_wconf 76' lang='lat' dir='ltr'><strong>enno</strong></span> <span class='ocrx_word' id='word_1_408' title='bbox 2037 4876 2144 4963; x_wconf 80' lang='lat' dir='ltr'><strong>gracie</strong></span> 
     </span>
     <span class='ocr_line' id='line_1_41' title="bbox 588 4981 2142 5066; baseline -0.005 -15"><span class='ocrx_word' id='word_1_409' title='bbox 588 4982 754 5051; x_wconf 80' lang='lat' dir='ltr'><strong>millesimo</strong></span> <span class='ocrx_word' id='word_1_410' title='bbox 769 4981 982 5049; x_wconf 88' lang='lat' dir='ltr'><strong>ducentesimo</strong></span> <span class='ocrx_word' id='word_1_411' title='bbox 996 4982 1236 5066; x_wconf 78' lang='lat' dir='ltr'><strong>quadragesime</strong></span> <span class='ocrx_word' id='word_1_412' title='bbox 1252 4982 1363 5063; x_wconf 88' lang='lat' dir='ltr'><strong>tercio,</strong></span> <span class='ocrx_word' id='word_1_413' title='bbox 1385 4987 1499 5066; x_wconf 86' lang='lat' dir='ltr'><strong>quarte</strong></span> <span class='ocrx_word' id='word_1_414' title='bbox 1515 4982 1590 5050; x_wconf 88' lang='lat' dir='ltr'><strong>Idus</strong></span> <span class='ocrx_word' id='word_1_415' title='bbox 1604 4982 1760 5065; x_wconf 84' lang='lat' dir='ltr'><strong>Octobris,</strong></span> <span class='ocrx_word' id='word_1_416' title='bbox 1783 4982 1996 5065; x_wconf 86' lang='lat' dir='ltr'><strong>presentibus:</strong></span> <span class='ocrx_word' id='word_1_417' title='bbox 2015 4981 2142 5048; x_wconf 89' lang='lat' dir='ltr'><strong>demine</strong></span> 
     </span>
    </p>
   </div>
   <div class='ocr_carea' id='block_1_9' title="bbox 436 5084 2142 5172">
    <p class='ocr_par' dir='ltr' id='par_1_15' title="bbox 436 5084 2142 5172">
     <span class='ocr_line' id='line_1_42' title="bbox 436 5084 2142 5172; baseline -0.005 -16"><span class='ocrx_word' id='word_1_418' title='bbox 436 5085 448 5093; x_wconf 79' lang='grc'>”</span> <span class='ocrx_word' id='word_1_419' title='bbox 587 5084 683 5155; x_wconf 82' lang='lat' dir='ltr'><strong>Petro</strong></span> <span class='ocrx_word' id='word_1_420' title='bbox 711 5087 881 5172; x_wconf 88' lang='lat' dir='ltr'><strong>preposito,</strong></span> <span class='ocrx_word' id='word_1_421' title='bbox 916 5086 1042 5154; x_wconf 92' lang='lat' dir='ltr'><strong>demine</strong></span> <span class='ocrx_word' id='word_1_422' title='bbox 1074 5086 1252 5154; x_wconf 80' lang='lat' dir='ltr'><strong>Vitozluvie</strong></span> <span class='ocrx_word' id='word_1_423' title='bbox 1285 5087 1415 5169; x_wconf 85' lang='lat' dir='ltr'><strong>deceno,</strong></span> <span class='ocrx_word' id='word_1_424' title='bbox 1457 5086 1582 5154; x_wconf 87' lang='lat' dir='ltr'><strong>domine</strong></span> <span class='ocrx_word' id='word_1_425' title='bbox 1619 5086 1714 5154; x_wconf 85' lang='lat' dir='ltr'><strong>Petro</strong></span> <span class='ocrx_word' id='word_1_426' title='bbox 1752 5085 1982 5166; x_wconf 81' lang='lat' dir='ltr'><strong>archidiacono,</strong></span> <span class='ocrx_word' id='word_1_427' title='bbox 2014 5084 2142 5151; x_wconf 93' lang='lat' dir='ltr'><strong>demine</strong></span> 
     </span>
    </p>
   </div>
   <div class='ocr_carea' id='block_1_10' title="bbox 587 5185 2140 5273">
    <p class='ocr_par' dir='ltr' id='par_1_16' title="bbox 587 5185 2140 5273">
     <span class='ocr_line' id='line_1_43' title="bbox 587 5185 2140 5273; baseline 0.006 -18"><span class='ocrx_word' id='word_1_428' title='bbox 587 5186 752 5271; x_wconf 70' lang='lat' dir='ltr'><strong>Michaele,</strong></span> <span class='ocrx_word' id='word_1_429' title='bbox 773 5187 954 5272; x_wconf 85' lang='lat' dir='ltr'><strong>Vincencie,</strong></span> <span class='ocrx_word' id='word_1_430' title='bbox 973 5187 1126 5271; x_wconf 90' lang='lat' dir='ltr'><strong>-lehanne,</strong></span> <span class='ocrx_word' id='word_1_431' title='bbox 1148 5187 1298 5272; x_wconf 73' lang='lat' dir='ltr'><strong>Hernico,</strong></span> <span class='ocrx_word' id='word_1_432' title='bbox 1323 5188 1467 5272; x_wconf 78' lang='lat' dir='ltr'><strong>Alberte,</strong></span> <span class='ocrx_word' id='word_1_433' title='bbox 1487 5186 1629 5270; x_wconf 83' lang='lat' dir='ltr'><strong>Nicolae,</strong></span> <span class='ocrx_word' id='word_1_434' title='bbox 1651 5187 1806 5269; x_wconf 81' lang='lat' dir='ltr'><strong>Gerurde,</strong></span> <span class='ocrx_word' id='word_1_435' title='bbox 1828 5186 1936 5269; x_wconf 81' lang='lat' dir='ltr'><strong>Ysuir,</strong></span> <span class='ocrx_word' id='word_1_436' title='bbox 1956 5185 2140 5273; x_wconf 76' lang='lat' dir='ltr'><strong>‘l&#39;beepbilo</strong></span> 
     </span>
    </p>
   </div>
   <div class='ocr_carea' id='block_1_11' title="bbox 0 0 2292 6240">
    <p class='ocr_par' dir='ltr' id='par_1_17' title="bbox 0 0 2292 6240">
     <span class='ocr_line' id='line_1_44' title="bbox 0 0 2292 6240; baseline 0 5"><span class='ocrx_word' id='word_1_437' title='bbox 0 0 2292 6240; x_wconf 95' lang='lat' dir='ltr'><strong> </strong></span> 
     </span>
    </p>
   </div>
  </div>
 </body>
</html>
