4574 6240
592 294 664 370 lot

586 464 696 565 eorum
717 501 751 564 et
771 496 932 566 laboribus
953 516 1032 582 quoa
1055 505 1130 566 suut
1152 497 1185 565 in
1207 498 1332 567 novella
1353 497 1555 584 plantatione
1584 499 1735 583 perpessi,
1764 498 1885 582 pietate
1914 502 2020 566 motus
2040 517 2133 586 proni.

585 596 707 682 busque
729 619 837 667 eorum
857 599 955 667 ilonus
973 602 1071 668 libero
1093 601 1212 668 contuli
1235 610 1387 686 perpetuo
1408 602 1449 670 ab
1471 603 1548 686 ipsis
1570 601 1812 687 percipiendam.
1841 599 1889 668 Ut
1914 618 1989 682 crgo
2011 601 2067 672 hcc
2084 612 2134 682 ‹10-

586 703 677 770 nocio
699 701 791 770 tirmu
812 709 854 781 et
866 703 1054 771 iuviolabilis
1073 712 1260 789 perseueret,
1279 712 1458 788 presentem
1481 705 1621 770 litteram
1640 702 1735 786 sigilli
1753 705 1815 770 mei
1838 722 1896 769 nco
1917 721 1980 768 non
2002 704 2135 791 Capituli

587 805 650 872 mci
671 807 842 872 munimine
863 825 958 890 super
979 807 1039 874 hoc
1060 807 1177 872 eislcrn
1200 806 1341 874 conterre
1362 808 1491 890 dignum
1512 806 1588 872 duxi
1609 804 1801 887 insignitam.
1840 803 1944 870 Huius
1970 802 2045 872 iacti
2066 828 2135 886 sunt

587 913 702 975 testes:
723 907 861 974 decanus
879 907 1052 988 Vitozlaus,
1073 910 1224 992 magister
1246 910 1394 990 Polouus,
1416 909 1529 976 Petrus
1550 907 1809 990 archidyaconus,
1832 905 2005 990 Boguiulus
2021 918 2134 1004 cuntur,

586 1008 746 1094 Nyoolaus
768 1016 884 1093 custos,
911 1010 1095 1092 Pribizluus,
1127 1012 1271 1087 Michael,
1301 1011 1466 1091 Iohannes,
1495 1009 1665 1094 Helwigus,
1694 1009 1830 1091 Blasius,
1861 1008 2021 1090 hibertus,
2042 1011 2135 1086 Thon

586 1112 702 1197 philus,
731 1112 924 1194 Gheraulus,
954 1114 1119 1193 Eusebius,
1149 1115 1316 1197 Iohannes,
1346 1114 1487 1180 canonici
1509 1112 1746 1180 Poauanienscs.
1792 1113 1909 1179 Actum
1930 1130 2014 1180 anno
2034 1121 2133 1199 gnane

566 1213 768 1282 mccxxx
789 1221 889 1299 sexto,
911 1215 1087 1284 indictione
1108 1223 1207 1285 serta

656 1468 660 1476 ·
690 1417 888 1503 Heudonos,
909 1443 928 1485 z
950 1425 1114 1488 rdemieclcu
1139 1426 1333 1489 {Icinriodou
1368 1421 1535 1507 Symurvo,
1556 1423 1739 1487 Sicrokorvo.

1177 1763 1180 1768 ·
1261 1719 1337 1811 Nc.
1375 1712 1474 1807 197.

691 1914 829 2001 Paulus
853 1914 1095 2000 Pannonicas.
1122 1918 1272 2000 molosia
1299 1918 1456 2022 episcop.
1482 1918 1619 1998 1236
1646 1936 1676 1997 a.
1704 1916 1739 1999 d
1766 1916 1803 1998 ot
1828 1914 1871 2019 ις
1892 1930 2015 2000 aaron
2034 1940 2138 2003 mona·

587 2038 684 2105 aterio
704 2036 744 2104 de
766 2036 946 2122 Henrykon
968 2042 1092 2121 partem
1112 2037 1207 2106 villae
1224 2038 1375 2125 Debnica,
1395 2038 1455 2106 sibi
1474 2036 1635 2123 quondam
1657 2056 1678 2104 a
1697 2034 1872 2103 Wladislao
1893 2036 1973 2105 duce
1993 2034 2139 2107 Poloniae
2193 2045 2194 2048 ’

586 2138 821 2310 &mmm
850 2237 1622 2327 nu.anaau0o.eaaoe'n0aacoau,p.1m.

690 2450 729 2517 In
750 2451 876 2519 nomine
897 2457 1007 2558 mnata
1028 2457 1062 2518 et
1083 2450 1242 2518 individue
1262 2451 1429 2519 Trinitatis
1450 2468 1549 2518 amen.
1583 2447 1652 2516 Noa
1674 2446 1791 2515 Paulus
1813 2446 1872 2514 Dei
1893 2447 2002 2533 gracia
2023 2447 2140 2517 Pozna·

587 2553 706 2621 niensis
727 2552 858 2621 ecclesie
878 2554 1042 2638 episcopus
1062 2561 1174 2621 notum
1195 2553 1327 2622 iacimus
1348 2553 1548 2638 presentibus
1563 2558 1598 2619 et
1610 2550 1737 2632 iutnris,
1758 2551 1835 2635 quia
1855 2549 1932 2617 olim
1948 2551 2141 2635 suscepimus

587 2656 628 2727 ab
649 2656 769 2725 illustri
790 2655 966 2724 Wlodinlao
987 2654 1079 2723 beate
1098 2657 1248 2723 memorie
1268 2654 1347 2723 duce
1369 2656 1498 2723 Polonie
1517 2653 1625 2721 villam
1647 2673 1710 2738 que
1734 2660 1865 2721 vocatur
1883 2652 2053 2722 v[iamnicia
2072 2673 2141 2724 cnm
2234 2734 2237 2740 ¹

587 2778 646 2828 sua
667 2759 858 2843 integritate,
881 2777 944 2843 que
964 2766 1014 2827 eet
1035 2760 1100 2826 sita
1116 2759 1207 2825 iuxta
1228 2757 1359 2826 Petrum
1377 2758 1575 2843 iioyeruniz,
1594 2775 1634 2824 ex
1653 2756 1756 2824 altero
1770 2754 1871 2824 latere
1891 2756 2012 2825 habens
2035 2756 2141 2825 villam

587 2861 815 2948 nehiepheopi
834 2879 897 2946 que
917 2863 1016 2930 eciam
1037 2869 1168 2929 comtur
1189 2861 1364 2945 Domnicio,
1386 2868 1539 2946 perpetuo
1559 2858 1789 2943 possidendm
1827 2856 2033 2928 Postmodum
2058 2877 2141 2941 uero,

586 2964 730 3033 ridentes
750 2965 890 3049 inopiam
908 2963 1019 3032 domus
1041 2964 1133 3032 beate
1161 2965 1292 3049 virginis
1320 2962 1360 3031 de
1381 2962 1569 3031 Hearichow
1598 2961 1727 3029 Ordinis
1759 2960 1987 3046 cysterciensis
2008 2980 2071 3048 que
2092 2969 2142 3030 est

587 3068 652 3137 sita
672 3067 705 3134 in
726 3066 852 3150 dyocesi
873 3065 1135 3150 wratislaviensi,
1157 3086 1253 3152 quam
1275 3066 1420 3135 fraudarit
1437 3064 1537 3134 hatur
1556 3072 1664 3135 noster
1677 3064 1780 3133 felicis
1792 3066 2024 3134 recordacionis
2038 3064 2142 3151 Nyco·

585 3169 657 3238 laus
678 3169 821 3237 anunm
840 3167 970 3237 Heariei
992 3168 1081 3237 ducis
1102 3168 1216 3239 Slesie:
1242 3171 1276 3237 in
1298 3170 1514 3238 remissionem
1535 3174 1738 3253 peccatorum
1757 3172 1938 3236 amborum
1958 3176 1992 3236 et
2013 3186 2070 3253 pro
2092 3187 2141 3236 rc-

588 3273 692 3342 medio
724 3273 828 3340 anime
856 3271 989 3358 predicti
1019 3271 1188 3340 Wlodizlai
1220 3272 1309 3343 dacia
1337 3272 1468 3341 Polouie
1496 3270 1686 3341 contulimus
1719 3270 1850 3339 eeudern
1878 3271 1988 3340 uillam
2022 3270 2144 3357 pretate

587 3374 694 3444 domui
716 3392 788 3443 cnm
809 3375 875 3442 auis
897 3374 1119 3459 attinentibus,
1141 3376 1287 3444 videlicet
1308 3376 1442 3460 triginta
1461 3381 1496 3442 et
1512 3382 1585 3443 octo
1599 3375 1765 3457 iumentis,
1790 3392 1827 3441 eo
1842 3374 1911 3442 iure
1925 3393 1989 3459 quo
2009 3393 2068 3443 noa
2088 3373 2143 3443 ha·
2164 3392 2166 3396 “

587 3477 713 3547 buimus
733 3483 768 3546 et
788 3474 940 3544 tratribus
961 3476 1077 3545 ibidem
1095 3478 1163 3546 Deo
1192 3477 1401 3546 servientibus
1426 3482 1579 3562 perpetuo
1610 3475 1846 3562 possidendam
1875 3476 1925 3544 ita
1956 3483 2079 3560 tamen,
2107 3482 2145 3545 ut

590 3580 743 3649 donemur
769 3579 906 3665 poledris
931 3579 1081 3647 masculis
1107 3582 1276 3648 eorundem
1300 3582 1511 3648 iumentomru
1537 3597 1632 3665 quam
1657 3579 1713 3645 diu
1740 3579 1883 3646 vicimus.
1926 3577 1975 3647 Ut
1991 3598 2067 3666 ergo
2088 3579 2145 3648 bec

576 3687 700 3752 nootm
720 3681 852 3751 donacio
873 3680 965 3749 hrma
985 3688 1019 3748 et
1040 3681 1163 3749 stabilis
1184 3689 1378 3768 permanent,
1399 3680 1535 3749 illustris
1557 3679 1754 3747 Wlodizlaus
1774 3680 1834 3748 Dei
1856 3683 1964 3766 gracia
1976 3683 2144 3750 modernus

588 3784 654 3854 dux
673 3783 817 3868 Polonie,
846 3782 931 3851 illius
956 3781 1075 3852 Odouis
1094 3783 1254 3870 quondam
1276 3783 1364 3853 ducis
1382 3783 1528 3866 Polonie,
1550 3784 1637 3869 pium
1660 3784 1796 3868 prebens
1816 3802 1980 3851 msensurn
2001 3785 2043 3853 ad
2064 3785 2145 3870 peti·

519 3902 522 3908 ·
589 3888 711 3957 donem
731 3891 884 3968 noemam,
906 3892 1084 3970 presentem
1102 3887 1231 3956 kartam
1249 3907 1313 3955 una
1334 3906 1407 3956 cum
1427 3886 1530 3970 sigillo
1552 3891 1663 3955 nostro
1684 3886 1735 3954 sui
1756 3886 1854 3972 sigilli
1866 3888 2040 3956 munimine
2054 3886 2144 3956 robu-

589 3991 681 4060 ravit
726 3989 831 4058 Huius
851 3989 1033 4058 donacionis
1055 3995 1153 4058 testea
1175 3998 1265 4059 eunt:
1298 3989 1486 4058 venerabilia
1512 3988 1612 4058 irater
1634 3995 1742 4056 noste
1763 3989 1909 4057 domium
1930 3990 2077 4074 Myehael
2098 3990 2145 4057 di·

587 4094 662 4160 vina
681 4092 788 4178 gracia
809 4090 1003 4160 (lutoviensis
1025 4093 1199 4178 episcopus,
1222 4094 1278 4179 qui
1299 4112 1357 4178 pro
1378 4098 1488 4159 nostro
1509 4097 1623 4176 rogetur
1643 4090 1684 4158 ad
1706 4091 1804 4158 robur
1824 4090 1920 4159 huius
1935 4093 2030 4161 karta
2044 4095 2144 4162 eciam

588 4212 681 4264 auum
703 4194 852 4280 apposuit
869 4193 1020 4279 sigiham3
1038 4193 1192 4288 ,doninus
1222 4193 1427 4262 Balduuinus
1455 4194 1594 4262 decanus
1615 4192 1829 4275 Gneznensis,
1859 4194 1945 4262 Bono
1966 4196 2145 4279 prepositus

589 4302 755 4383 tummquc
776 4295 958 4380 Capitulum
980 4297 1120 4365 eiusdem
1141 4298 1281 4380 ecclesie,
1301 4299 1392 4365 cuins
1413 4298 1550 4383 sigillum
1563 4299 1607 4364 ad
1623 4298 1841 4364 testimonium
1855 4297 1950 4365 huius
1965 4299 2146 4367 donacionis

588 4400 689 4470 οοίαω
709 4398 914 4484 appenditur;
946 4397 1112 4466 Vitozlaus
1138 4400 1276 4468 decanus
1302 4400 1540 4481 Pomaniensis,
1572 4400 1687 4467 Petrus
1714 4399 1966 4485 archidiaconus,
1996 4403 2147 4486 daughter

588 4501 735 4584 Polonua,
757 4501 949 4585 Theophilus
975 4505 1141 4586 totumque
1163 4502 1345 4588 capitulum
1366 4504 1506 4571 eiusdem
1528 4503 1673 4583 ecclesie,
1705 4504 1794 4570 cuius
1816 4503 1954 4588 sigillum
1976 4523 2034 4588 pro
2055 4503 2145 4572 testi·

587 4605 693 4673 monio
715 4605 855 4672 unanimi
878 4621 1047 4670 consanam
1069 4605 1170 4673 eciam
1190 4624 1364 4690 appensum
1386 4611 1445 4673 eet
1490 4608 1605 4673 hobam
1632 4610 1683 4671 est
1705 4603 1765 4672 boc
1792 4623 1875 4673 anno
1905 4606 2034 4673 Domini
2055 4604 2145 4674 dcc

589 4707 747 4775 uicesimo
769 4711 869 4783 sexto,
891 4705 1066 4774 indictione
1084 4714 1184 4788 sexta
1207 4709 1268 4775 hiis
1289 4708 1504 4792 presentibus:
1527 4706 1701 4774 Dirsicraio
1725 4706 1876 4790 palatino,
1907 4706 2072 4792 Bogumilo
2094 4727 2146 4776 ca·
2236 4723 2237 4727 ’

587 4809 723 4878 stelhno
756 4809 951 4890 Gneuneusi,
982 4807 1126 4876 Cicimdo
1160 4809 1332 4877 mstcllano
1358 4808 1580 4890 Poznauieusi,
1615 4807 1748 4875 ilberto
1775 4809 1887 4892 iudice,
1913 4809 2092 4878 Dummodo
2113 4817 2146 4878 et

591 4912 662 4980 aliis
684 4931 779 4998 quam
800 4911 944 4997 pluribus
965 4911 1122 4979 nobilibus
1144 4911 1281 4980 Polonie.

695 5115 871 5198 Domnicio,
894 5121 1036 5204 benico.
1071 5116 1269 5199 chriuhow,
1290 5137 1309 5180 z
1328 5120 1493 5182 monteria
1516 5119 1710 5182 timoratae
