4574 6240
1251 528 1326 616 No.
1363 521 1459 613 175.

682 729 864 813 ilenrions
897 729 974 811 dux
1009 726 1180 810 cracovia
1216 729 1253 809 ot
1285 725 1417 809 silesia
1453 728 1588 806 1234
1614 745 1643 806 s
1670 723 1724 820 d,
1757 721 1945 824 diacoma
1976 730 2136 827 oppanso

581 850 857 920 commutationem
879 849 973 916 villae
993 847 1116 928 liirow,
1138 865 1233 931 quarn
1251 864 1355 914 comes
1377 845 1523 913 Clemens
1543 843 1734 912 metellanus
1754 842 1794 911 de
1813 843 1918 912 Reoen
1931 843 2062 914 dederat
2074 870 2131 936 pro

580 952 657 1020 villa
678 951 821 1020 Lubnico
841 951 948 1018 leoni·
960 949 1064 1017 militi.
1793 941 1799 952 '

687 1054 794 1134 Καρία
806 1057 1033 1134 potulerdzooou
1045 1072 1155 1133 przez:
1174 1049 1350 1119 Stcuislous
1361 1053 1524 1135 Augustus
1538 1069 1593 1117 rex
1607 1049 1756 1117 Poloniuc
1769 1056 1830 1118 otc.
1849 1049 1931 1117 1776
1945 1050 2057 1120 Octob.
2081 1056 2131 1141 11,

587 1156 772 1240 Varsaviae,
791 1179 819 1220 re
838 1162 974 1238 κηροῖο
990 1161 1255 1237 eunomianorum,
1274 1159 1429 1236 podpisem
1445 1160 1701 1240 mtmnorpcznym
1724 1157 1736 1216 r·
1755 1155 1862 1239 niella
1878 1159 2036 1241 pieczfctq
2049 1166 2131 1238 tego}

580 1260 669 1326 tedio
689 1268 895 1341 opotrzoapm.

686 1361 822 1429 manat.
866 1363 985 1439 Kdaipl.
1008 1359 1114 1428 Stante
1136 1364 1227 1426 Arcb.
1256 1361 1370 1425 Otobolc
1390 1361 1421 1425 9.

685 1567 723 1634 In
743 1565 869 1633 nomine
891 1563 1010 1633 domini
1032 1563 1091 1630 Dei
1110 1563 1211 1631 eterni
1232 1582 1334 1631 amen.
1379 1562 1460 1630 Cum
1482 1559 1607 1628 labente
1629 1565 1770 1645 tempore
1786 1561 1887 1629 eciam
1905 1580 1968 1645 qne
1981 1570 2133 1646 geruntur

581 1668 675 1737 simul
696 1687 717 1736 a
735 1668 888 1736 memoria
908 1673 1108 1752 posterorum
1130 1664 1221 1749 lapsu
1243 1667 1394 1750 temporis
1412 1663 1589 1744 elabantur,
1611 1669 1677 1730 tam
1696 1663 1775 1730 iuris
1794 1665 1920 1731 racione
1940 1683 2038 1749 quam
2059 1687 2133 1751 pru·

581 1771 726 1840 dencium
747 1769 949 1856 providencia
969 1774 1003 1836 et
1021 1767 1165 1836 consulto
1186 1775 1385 1854 perspectum
1406 1772 1467 1848 est,
1488 1785 1527 1834 ea
1547 1767 1703 1851 scripture
1730 1767 1849 1834 nodcia
1862 1768 2044 1852 perenniter
2064 1789 2134 1854 pcr-

504 1941 506 1945 .
581 1873 717 1960 petunr'a
760 1873 940 1959 Enpropter
960 1888 1017 1939 nos
1039 1870 1196 1939 Henricns
1218 1872 1277 1940 Dei
1298 1873 1406 1957 gracia
1424 1870 1489 1938 dux
1511 1869 1660 1938 Cracosie
1680 1875 1714 1936 et
1733 1867 1846 1937 Silesie
1867 1876 1979 1937 notum
2002 1869 2133 1940 iacimus

580 1974 780 2062 presentibns
800 1981 835 2044 et
855 1973 981 2056 tuturis
1004 1975 1080 2060 quia
1101 1992 1172 2041 cum
1195 1975 1303 2041 comiti
1325 1973 1481 2041 clementi
1502 1972 1674 2040 matellano
1688 1971 1729 2039 de
1743 1971 1857 2054 Recen,
1880 1971 2010 2040 babenti
2027 1974 2133 2043 villum

581 2078 747 2148 biiraroam
768 2078 903 2154 nomine
925 2076 1058 2146 modom
1078 2077 1187 2146 sillam
1215 2077 1275 2144 sibi
1301 2076 1474 2162 placuisset
1501 2094 1572 2143 cum
1598 2073 1694 2142 lvone
1718 2074 1820 2142 milite
1845 2092 1904 2159 pro
1932 2074 2009 2142 villa
2036 2075 2134 2160 ipsios

581 2178 690 2249 loonls
711 2179 855 2248 Lubrica
875 2186 1059 2263 nuncupata
1078 2180 1212 2247 invicem
1234 2184 1436 2252 commutare
1458 2177 1505 2245 sic
1523 2179 1607 2243 inter
1627 2173 1786 2260 prelatum
1807 2173 2049 2260 Clementemet
2066 2176 2134 2244 loo·

581 2301 664 2365 nem,
685 2281 795 2351 fratris
816 2282 916 2367 ipsius
937 2279 1042 2348 lvonis
1063 2281 1119 2364 qui
1140 2279 1292 2348 Ubislaus
1313 2279 1553 2364 cognominatur
1573 2277 1741 2345 scammis
1756 2279 1921 2346 voluntate
1934 2283 1969 2345 et
1982 2297 2135 2349 consensu

582 2384 790 2470 omnibusque
811 2383 950 2453 eiusdem
971 2381 1077 2451 lvonis
1098 2384 1241 2469 cognatis
1256 2390 1290 2452 et
1307 2381 1547 2466 consanguineis
1560 2381 1603 2448 ad
1617 2381 1701 2447 idem
1716 2381 1995 2465 consentientibus,
2017 2388 2055 2450 ut
2071 2383 2135 2452 dic·

582 2491 636 2556 tus
657 2505 762 2556 comes
783 2485 938 2569 Clemens,
960 2485 1084 2554 adiecta
1104 2505 1226 2555 summa
1247 2486 1379 2570 pecunie
1400 2485 1612 2570 quadraginta
1632 2484 1771 2570 qmnque
1784 2485 1908 2568 nrgemi
1929 2486 2002 2570 pnn'
2015 2505 2135 2555 maros·

582 2607 654 2656 rum
674 2588 717 2658 ad
736 2588 845 2656 villam
867 2607 958 2656 suam
979 2588 1154 2670 Mirantur,
1176 2607 1272 2674 quam
1294 2588 1459 2672 mamam
1480 2587 1522 2655 ab
1543 2587 1612 2672 ipso
1633 2585 1776 2671 prelatos
1797 2586 1852 2654 loo
1871 2588 2006 2672 'accepit
2029 2589 2136 2657 rissam

581 2691 684 2778 ipsios
706 2689 850 2759 Lubnica
871 2708 930 2776 pro
952 2708 1010 2758 sua
1030 2689 1163 2757 Mirans
1183 2690 1353 2774 acciperet;
1376 2688 1504 2757 tandem
1524 2687 1636 2756 habito
1649 2705 1745 2773 super
1758 2688 1817 2756 tall
1839 2695 1981 2758 macuto
1993 2691 2137 2776 diligenti

581 2791 823 2875 deliberacione,
846 2811 955 2861 omnes
975 2791 1091 2877 prefati
1113 2791 1147 2859 in
1168 2790 1299 2860 eandem
1317 2789 1452 2860 iormam
1470 2790 1667 2860 concorditer
1687 2797 1902 2859 convenerunt
1928 2811 1967 2862 ao
1996 2793 2081 2862 inter
2101 2810 2136 2862 se

582 2893 642 2964 sub
669 2893 795 2981 prelata
818 2892 921 2962 forma
946 2899 1128 2962 corruamus
1157 2895 1437 2962 commutacionem
1462 2894 1658 2962 namucum
1687 2893 1935 2963 celebraverunt
1984 2894 2136 2966 volentes

582 2998 712 3085 insuper
732 2997 838 3084 ipsum
859 2996 974 3065 tuturis
992 3003 1080 3065 retro
1101 2996 1297 3082 temporibus
1317 2997 1352 3064 in
1373 2996 1466 3065 mma
1486 2996 1665 3065 stabilitate
1678 3015 1889 3082 perseverare,
1911 2998 2043 3067 eandem
2066 3019 2136 3084 per·

582 3101 793 3168 mutacione·
815 3099 960 3167 villarum
981 3100 1148 3181 dictarum,
1167 3099 1383 3168 sollenisatsm
1404 3118 1510 3168 coram
1528 3098 1630 3181 nobis,
1652 3105 1762 3167 nostro
1780 3100 1968 3170 documento
1998 3120 2135 3170 commu

582 3203 645 3271 niri
666 3221 775 3271 omnes
795 3203 931 3289 predicti
952 3203 1143 3271 unanimiter
1163 3202 1337 3286 pecierunt,
1358 3220 1493 3286 quornm
1512 3202 1596 3269 inste
1610 3201 1759 3286 peticioni
1777 3220 1835 3271 nos
1848 3203 1974 3273 facilem
1995 3205 2136 3274 dimonte

582 3305 662 3374 iuris
687 3305 814 3375 mdone
839 3305 1007 3391 prebentes
1031 3323 1206 3389 assensum,
1232 3307 1428 3375 nominatam
1457 3306 1723 3391 permutacionem
1752 3309 1893 3392 presenti
1926 3308 2137 3378 instrunmento

583 3407 768 3490 inserentes,
785 3406 883 3493 sigilli
904 3409 1005 3476 nostri
1025 3407 1197 3494 fratrisque
1217 3409 1319 3476 nostri
1339 3408 1478 3477 Boleslai
1499 3408 1556 3476 tilii
1576 3409 1666 3477 duda
1686 3408 1846 3494 Loeoonb,
1868 3411 1924 3496 qui
1937 3412 2040 3481 eide·
2054 3419 2138 3482 trae·

586 3510 670 3580 tatul
691 3507 845 3588 interluit,
867 3511 1071 3597 impressione
1090 3511 1358 3580 communivimus
1402 3510 1452 3579 Ne
1473 3517 1580 3579 autem
1601 3512 1794 3596 natumque
1814 3515 1943 3582 nomina
1963 3516 2019 3599 qui
2044 3516 2137 3585 etad

584 3611 644 3681 hoc
668 3613 773 3682 ooesti
801 3611 930 3681 inerunt
959 3612 1114 3697 dameam,
1139 3633 1180 3684 ea
1198 3613 1241 3683 ad
1262 3613 1419 3683 cautelam
1440 3613 1746 3698 superabundantem
1772 3613 1856 3684 infra
1883 3613 2015 3686 fecimus
2040 3617 2138 3685 adno-

583 3714 657 3798 tari,
678 3732 813 3800 quorum
834 3715 964 3784 nomino
983 3723 1059 3784 sunt
1077 3716 1149 3785 beo:
1171 3715 1352 3786 Theodorus
1366 3716 1526 3801 mutum
1541 3716 1768 3800 Crotoniensis,
1789 3716 2003 3787 Vlodomirins
2025 3720 2137 3788 enstel-

582 3815 675 3885 lenm
696 3816 731 3885 in
751 3808 882 3894 Braeslo,
905 3817 981 3886 Ioad
1001 3819 1161 3904 pincerna,
1183 3818 1283 3887 Iakob
1304 3818 1612 3900 senator,b1rocota
1634 3819 1739 3904 index,
1761 3819 1885 3903 Gedko,
1906 3820 2005 3906 Vitgo
2026 3821 2137 3890 subca-

583 3919 748 4003 merarioa,
768 3918 935 4006 Bogoslnro
956 3919 1118 4003 semiliter,
1140 3921 1308 3991 Plomanns
1323 3921 1552 4004 thesaurarius,
1573 3921 1688 3990 Bronis
1701 3922 1892 3992 matellanns
1908 3922 2138 4007 Oechooiensis,

584 4019 750 4092 monicus
781 4021 945 4106 sobiudex,
970 4023 1105 4091 Reelnm
1127 4023 1222 4093 iudex
1246 4031 1341 4106 terre,
1370 4023 1567 4109 Bogumillus
1595 4031 1737 4109 venator,
1766 4026 1944 4112 Bogudem
1969 4027 2137 4114 gladiator,

585 4120 699 4192 Galim
721 4124 949 4202 thesaurados,
971 4124 1110 4210 Shbinog
1135 4127 1212 4214 (sic)
1243 4127 1463 4212 subpincerna,
1488 4127 1627 4196 Dalebor
1652 4128 1818 4214 subagazo,
1847 4129 2028 4216 Stephanus
2054 4132 2138 4199 tibus

584 4222 759 4311 Vmoencii,
780 4226 859 4296 Otto
880 4227 1070 4313 subdapiier.
1114 4231 1232 4298 actum
1253 4232 1287 4298 in
1309 4230 1463 4299 draconis
1481 4250 1565 4300 anno
1586 4231 1627 4300 ab
1648 4231 1869 4302 lnoamatione
1889 4233 2016 4302 Domini
2037 4235 2138 4302 mille·

584 4327 665 4398 simo
685 4330 899 4399 ducentesimo
921 4333 1081 4416 trigesimo
1101 4340 1228 4417 quarto,
1257 4333 1436 4420 presidente
1465 4333 1591 4403 domino
1612 4333 1723 4402 Vislao
1749 4333 1900 4405 Crooovie
1928 4337 1961 4404 in
1986 4338 2139 4407 cathedra

585 4429 768 4517 pondiculi,
789 4433 941 4503 Pacoslao
962 4440 1069 4503 antem
1091 4434 1274 4504 cracoviam
1293 4442 1431 4504 urente

688 4635 803 4720 Reoen,
825 4641 953 4723 noodpt
973 4644 1077 4706 waes
1097 4646 1110 4706 i
1121 4643 1310 4706 turnemio
1324 4646 1389 4707 aod
1400 4647 1496 4729 mlta
1516 4646 1610 4731 Odrq,
1627 4647 1839 4725 podmiustem
1855 4649 1962 4726 Brut.
1993 4644 2138 4731 Missua,
2195 4691 2198 4698 -

587 4741 703 4807 orm.
747 4739 899 4826 Lubnica,
921 4746 1064 4810 mco.
1106 4742 1238 4828 unae
1261 4748 1404 4811 Brmko.
1450 4744 1680 4828 Cocboviensis,
1702 4751 1741 4812 de
1760 4750 1908 4814 Ozecbon.
