4574 6240
1990 289 2059 365 101

510 491 732 582 supplicarem,
755 495 793 558 ιιι
813 490 955 574 eundem,
977 490 1032 574 qui
1051 495 1102 558 est
1123 490 1156 557 in
1180 452 1366 557 minoribus
1381 446 1545 557 onlinibus
1566 455 1773 568 constitutus,
1792 487 1881 555 vobis
1903 487 1936 555 in
1957 488 2062 556 arclri·

510 600 690 686 episcopum
710 600 745 662 et
763 601 921 678 pastorem
942 594 1111 662 concalere
1132 593 1342 678 dignaremur.
1365 593 1432 660 Nos
1451 592 1559 678 igitur,
1579 591 1704 658 decreto
1726 591 1842 659 vestris
1856 589 2062 676 subscriptio·

510 702 602 773 nibus
620 697 768 766 roborato
789 717 827 765 uc
848 697 1060 781 prulictorum
1081 698 1299 780 episcoporum
1318 701 1352 763 ct
1370 695 1494 763 abbatis
1514 694 1630 762 litteris
1651 694 1684 760 in
1706 693 1820 776 quibus
1842 694 2061 762 commendant

385 805 391 816 '
510 799 727 886 multiplieiter
747 801 941 884 prepositum
961 805 1170 866 memoratum
1191 798 1359 881 diligenter
1381 798 1541 881 inspectis,
1564 802 1599 866 at
1619 797 1715 864 ctiam
1737 814 1834 880 super
1847 796 1940 865 modo
1954 803 2063 883 postu·

509 902 647 986 lationis,
669 901 839 984 natalibus,
860 907 947 970 etate
967 920 1005 970 ac
1026 901 1209 969 litteratura
1229 901 1328 984 ipsius
1351 899 1504 983 prepositi
1530 906 1564 968 ct
1593 899 1665 967 aliis
1696 915 1758 982 que
1776 898 1810 964 iu
1829 897 1984 982 dignitate
2005 900 2063 967 bu·

510 1004 645 1077 immadi
666 1005 851 1089 exuuntur:
875 1011 1000 1090 recepto
1019 1005 1198 1074 iuramento
1224 1003 1410 1071 dilectorum
1436 1001 1573 1069 filiomm
1596 999 1739 1084 magistri
1766 999 1873 1082 Egidii
1894 1000 2063 1069 Zavicboe·

511 1108 609 1179 tensa
641 1112 675 1176 et
705 1106 740 1174 P.
774 1106 996 1176 Pozuauiensis
1027 1106 1318 1176 archidiaconorum
1353 1109 1387 1170 et
1418 1102 1583 1172 Sandivori
1619 1102 1761 1170 canonici
1797 1103 1901 1169 sancti
1934 1102 2065 1189 Georgii

510 1211 720 1306 ananensis,
734 1212 789 1296 qui
811 1230 869 1296 pro
889 1211 975 1278 dicta
995 1211 1208 1295 postulatione
1228 1209 1269 1275 ad
1296 1213 1439 1274 nostram
1467 1207 1658 1291 presentium
1684 1211 1895 1287 amesseruut,
1922 1207 2064 1291 postula·

511 1317 629 1384 bouem
650 1314 752 1399 ipsam
773 1315 813 1382 de
833 1315 937 1399 gratia
957 1314 1104 1381 donimus
1129 1311 1368 1379 admittendam.
1411 1309 1549 1394 Ideoque
1576 1310 1758 1377 discretioni
1782 1316 1888 1377 vestra
1909 1328 1967 1394 per
1987 1328 2065 1396 apo·

508 1417 622 1487 stolicu
641 1417 760 1500 scripta
780 1415 975 1500 mandamus,
996 1416 1146 1501 quatinus
1164 1416 1226 1499 ipsi
1247 1415 1347 1482 electo
1369 1419 1532 1497 mmquam
1557 1412 1678 1497 pastori
1705 1417 1811 1479 vestro
1832 1413 2004 1480 intendatis
2029 1420 2063 1481 et
2096 1406 2103 1423 '

509 1518 665 1589 obediatis
685 1519 847 1587 humiliter
867 1526 901 1587 et
918 1518 1038 1586 devote
1069 1518 1188 1585 Datum
1209 1516 1346 1585 viterbii
1366 1515 1414 1582 111
1434 1514 1545 1582 Nonas
1563 1513 1719 1598 Octobris,
1742 1514 1945 1598 pontificatus
1959 1515 2062 1621 nostri

510 1640 594 1692 anno
612 1622 733 1707 qmnu.

614 1825 878 1912 Zavicboetensis,
899 1832 938 1922 dc
960 1830 1133 1894 metere

1194 2125 1269 2211 Nr.
1303 2122 1400 2208 110.

615 2318 1540 2425 HonoriusPp.111122ollov.4,litarbii;
1571 2338 1702 2406 manua
1735 2337 1883 2424 caprano
1914 2346 1949 2407 et
1980 2339 2064 2409 clero
2184 2383 2187 2387 ‚
2255 2297 2257 2300 Α

512 2442 707 2512 Gneanensis
720 2439 867 2518 ¹civitatis
892 2446 927 2508 et
951 2441 1112 2523 dioecesis,
1144 2448 1181 2508 nt
1204 2440 1341 2508 Iwonn
1367 2442 1550 2527 episcopum
1571 2441 1826 2525 (lincopiensem,
1849 2461 1943 2529 quem
1962 2443 2066 2512 erebi·

512 2544 694 2630 episcopum
714 2541 949 2629 designaverat,
970 2544 1133 2629 recipiant

621 2650 757 2724 miser,
781 2648 975 2712 Μωιιιιιιιιιιι
997 2650 1097 2711 lictor.
1121 2650 1266 2713 Poloaiue
1290 2650 1319 2728 I,
1341 2648 1393 2712 20.

616 2848 777 2920 ennoea
795 2852 960 2937 epscopus
982 2857 1077 2935 (ers),
1102 2850 1226 2920 mem
1254 2851 1328 2919 nm
1358 2851 1508 2937 capreus
1535 2858 1569 2920 e
1594 2851 1677 2921 uero
1700 2804 1901 2921 eamme
1927 2853 2066 2923 eoum
2170 2841 2172 2845 ’

513 2960 547 3022 et
568 2952 703 3023 diocesis
721 2954 857 3023 salutem
878 2954 969 3040 (cte).
1013 2952 1094 3021 Cum
1116 2954 1168 3039 pie
1196 2953 1423 3030 recordationis
1457 2954 1597 3023 Hermen
1628 2954 1807 3023 Gneznensi
1832 2955 2066 3043 archiepiscopo

512 3053 607 3124 rebus
628 3055 774 3125 humenis
795 3063 950 3142 exempto,
973 3074 1028 3124 vos
1047 3056 1105 3123 lilii
1128 3055 1310 3141 Capitulum
1339 3057 1564 3125 convenissetis
1592 3058 1626 3124 iu
1652 3075 1750 3125 unum
1777 3057 1818 3125 de
1841 3059 2066 3157 substitutione

512 3157 673 3245 metilius
697 3158 877 3241 tractaturi,
905 3159 986 3226 votis
1009 3159 1122 3226 vestris
1148 3158 1258 3225 divisis
1289 3159 1323 3226 in
1355 3165 1474 3245 partes,
1506 3159 1635 3245 quidam
1666 3179 1705 3228 ex
1730 3160 1820 3228 vobis
1846 3210 1854 3227 .
1878 3211 1886 3228 .
1913 3161 2067 3231 damnum
2201 3247 2203 3251 Α

513 3262 741 3346 (lomensem,
769 3261 897 3347 quidum
926 3280 999 3330 vero
1027 3263 1064 3329 B.
1093 3260 1331 3330 cracoviensem
1360 3264 1556 3348 prepositum
1588 3263 1757 3349 elegerant
1806 3264 2067 3334 Procumtoribus

374 3398 378 3406 ·
514 3382 589 3450 ergo
610 3364 751 3450 [ιιιιίιιιιι
773 3368 904 3450 pmpter
923 3364 983 3433 boc
1004 3364 1038 3431 in
1060 3370 1170 3432 nostra
1190 3365 1351 3449 presentis
1371 3365 1555 3433 constitutis
1569 3384 1627 3433 nos
1640 3366 1758 3435 aedibs
1773 3373 1808 3436 et
1821 3367 1992 3436 intellectis
2005 3386 2067 3454 que

513 3483 609 3553 super
628 3465 833 3536 electionibus
854 3466 932 3550 ipsis
953 3484 1128 3553 proponere
1150 3472 1349 3550 curaverunt,
1376 3467 1553 3536 invenimus
1572 3475 1729 3540 ,nanuum
1755 3471 1896 3554 ipsarum
1917 3470 2068 3540 amaimi

513 3573 606 3654 parte
627 3567 767 3655 capituli
788 3568 986 3653 celebratam,
1009 3568 1103 3637 etad
1125 3570 1211 3654 ipsas
1232 3588 1290 3654 per
1307 3570 1460 3638 meniana
1479 3572 1649 3656 potestatis
1669 3572 1804 3640 abusum
1825 3571 1922 3640 brine
1941 3591 2067 3659 proees-

513 3691 595 3742 suna
620 3671 724 3756 Unde,
746 3690 819 3741 cum
839 3679 951 3741 contm
969 3678 1093 3740 statuta
1116 3671 1249 3742 concilii
1267 3674 1424 3758 generalis
1442 3672 1540 3742 merit
1560 3680 1697 3759 unaque
1717 3681 1910 3760 presumpta,
1930 3674 1973 3744 de
1994 3694 2067 3744 con·

514 3774 586 3843 silio
606 3774 741 3844 fratmm
762 3782 942 3843 noseorum
963 3781 1130 3862 utramque
1151 3776 1392 3862 pronuntiamus
1412 3776 1537 3844 initam
1558 3781 1592 3844 et
1605 3777 1756 3846 electores
1777 3777 1913 3862 eligendi
1926 3776 1986 3846 hac
2000 3779 2068 3847 vice

514 3882 674 3964 potestate
694 3879 850 3963 privatos;
873 3877 914 3945 de
934 3877 1148 3946 misericordia
1167 3896 1229 3964 que
1247 3879 1464 3964 superexaltat
1493 3878 1609 3947 iudicio
1638 3880 1672 3947 in
1699 3879 1759 3948 boc
1785 3879 1918 3966 benigne
1937 3886 2067 3967 agentes

515 3999 586 4049 cum
607 3979 796 4049 electoribus
817 3988 851 4048 et
868 3980 986 4063 electis,
1009 3979 1093 4067 quod
1118 3980 1203 4066 ipsos
1229 3981 1270 4049 ab
1294 3981 1366 4048 aliis
1392 3981 1483 4065 penis
1515 3983 1686 4050 exemimus
1718 3982 1752 4049 in
1773 3982 1912 4051 eiusdem
1944 3989 2067 4051 statuto
2094 4061 2096 4064 Α

515 4082 650 4152 Concilii
671 4084 839 4153 oenones.
868 4083 1054 4170 Sotagcntes
1072 4090 1180 4153 autem
1202 4091 1295 4152 tanto
1317 4083 1450 4152 eelerim
1463 4088 1498 4152 et
1511 4086 1689 4152 accuratius
1710 4086 1875 4170 providere
1889 4084 2069 4155 Gumaeusi

516 4187 655 4270 ecclesio,
678 4195 799 4273 quanto
821 4186 854 4254 id
875 4205 938 4254 nou
956 4186 1058 4254 solum
1084 4187 1214 4255 ecclesie
1237 4188 1297 4272 ipsi
1324 4187 1380 4254 sed
1405 4187 1502 4253 etiam
1524 4187 1586 4254 toti
1611 4188 1779 4272 pmvincie,
1810 4189 1899 4256 cuius
1923 4194 1974 4257 est
1998 4190 2069 4274 ipsa

515 4290 708 4374 metropolis,
730 4290 872 4358 noscitur
892 4289 1049 4374 expedire,
1071 4291 1280 4358 venerabilem
1301 4290 1431 4358 fratrem
1453 4295 1597 4357 nostmm
1615 4290 1743 4359 ivonem
1760 4292 1952 4376 episcopum,
1974 4310 2068 4376 quem

516 4391 603 4460 clara
623 4389 705 4459 fame
725 4393 873 4475 preconia
894 4393 962 4459 eius
983 4393 1148 4477 predicant
1169 4393 1308 4472 scientie,
1331 4392 1518 4475 nobilitatis,
1540 4391 1717 4460 honestatis
1739 4413 1778 4461 ac
1795 4393 1901 4461 mmiti
1919 4399 1958 4460 ut
1977 4401 2067 4463 tanto
2089 4469 2092 4474 ,

516 4491 664 4562 credatur
684 4511 854 4578 congruere
875 4495 964 4569 oneri
984 4500 1018 4562 et
1039 4495 1162 4577 bonon,
1183 4515 1205 4562 a
1225 4496 1377 4580 regimine
1399 4493 1614 4562 Cramviensis
1636 4497 1766 4564 ecclesie
1795 4497 1942 4564 duximus
1963 4496 2067 4566 absol·

516 4596 652 4665 rendum
672 4601 706 4663 et
726 4596 948 4681 proficiendum
969 4598 1135 4682 metropoli
1159 4605 1340 4681 memorate,
1366 4605 1404 4664 ut
1428 4616 1466 4665 eo
1487 4597 1630 4681 pluribus
1652 4600 1777 4684 prosint
1795 4601 1931 4669 virtutes
1952 4601 2068 4687 quibus

516 4704 567 4768 est
583 4718 605 4767 a
624 4698 758 4767 Domim
780 4700 931 4785 preditus,
960 4720 1023 4787 quo
1055 4702 1090 4769 in
1122 4703 1235 4770 maiori
1268 4702 1423 4786 dignitate
1450 4700 1548 4768 fuerit
1576 4703 1777 4771 constitutus.
1822 4703 1915 4772 Unde
1944 4703 2068 4790 prefato

516 4803 663 4889 episcopo
685 4803 803 4870 nostris
823 4803 967 4872 dbtricte
986 4803 1099 4871 damus
1120 4806 1236 4872 litteris
1258 4806 1291 4872 in
1313 4805 1479 4891 preceptis,
1510 4810 1548 4872 ιιι
1568 4805 1656 4873 nulla
1676 4807 1923 4876 sollicitudinum
1947 4812 2006 4876 aut
2022 4807 2069 4874 la·

516 4905 629 4976 borum
650 4906 732 4973 mole
749 4907 931 4989 deterritus,
953 4907 1078 4974 uudove
1097 4907 1312 4976 blandimento
1334 4909 1450 4992 quietis
1471 4913 1529 4974 aut
1551 4910 1734 4994 temporalis
1752 4910 1907 4979 commodi
1925 4911 2069 4978 reuma-

516 5013 570 5077 tus
590 5008 632 5076 ad
653 5010 852 5095 metropolim
874 5016 1015 5078 transeat
1034 5011 1243 5094 antedictam,
1265 5017 1300 5079 et
1325 5012 1393 5078 eius
1414 5011 1553 5096 regimen
1575 5011 1615 5080 de
1635 5030 1772 5098 superno
1795 5014 1914 5082 anxilio
1940 5019 1976 5082 et
1993 5032 2069 5099 apo·

517 5113 630 5187 stolice
650 5112 740 5182 Sedis
760 5112 867 5182 lavore
888 5113 987 5182 fretus
1009 5115 1204 5183 confidenter
1221 5134 1394 5198 assumens,
1413 5118 1460 5184 sie
1477 5133 1603 5201 preesse
1621 5115 1749 5184 studeat
1762 5123 1797 5184 et
1811 5116 1969 5201 prodesse,
1984 5116 2068 5203 quod

517 5214 603 5287 mma
630 5219 698 5286 eius
722 5237 784 5302 que
801 5218 960 5286 'inactenns
985 5219 1072 5287 clara
1100 5218 1170 5301 luit,
1200 5217 1241 5284 ιιι
1267 5217 1376 5285 ultimi
1400 5218 1469 5287 loco
1496 5218 1612 5285 clarius
1639 5217 1804 5287 elucescat
1851 5219 1987 5305 illaeque
2012 5238 2069 5305 per
