4574 6240
679 377 728 451 20

676 577 852 648 mandem
873 586 906 648 et
928 581 1131 648 inhumanum
1146 586 1205 661 ost,
1227 585 1344 646 mtrem
1367 576 1618 645 Chretianorum
1639 578 1755 645 invasit
1776 583 1810 646 et
1829 577 1931 645 multa
1942 578 2035 660 mala,
2058 577 2216 656 innamrn
2243 621 2245 624 >

675 684 772 752 etiam
792 689 826 751 ct
844 686 1030 754 execrabilia
1047 687 1081 752 in
1101 705 1139 752 ea
1160 683 1325 751 temerario
1346 701 1425 750 ausu
1448 683 1612 750 commisit.
1632 681 1725 750 Unde
1746 680 1846 749 inter
1865 686 1976 749 nostor
1986 680 2023 748 L.
2044 679 2119 767 (sie)
2140 682 2217 759 booe

675 789 824 856 memorie
845 789 1038 856 (lucanensis
1060 787 1189 857 ecclesie
1210 786 1468 872 mclriopiseopus
1483 787 1550 854 zelo
1571 786 1693 853 laetitio
1714 805 1895 867 succensus,
1922 786 2025 869 ipsum
2047 805 2220 861 excommn-

677 893 842 961 uicationis
863 894 987 962 vinculo
1009 893 1179 960 irruoclavit.
1201 891 1430 970 Nomentum,
1452 891 1600 974 quonam
1619 891 1686 974 ipse
1707 889 1960 972 archiepiscopus
1982 889 2220 964 ammanitem

676 996 780 1065 emis
802 996 960 1080 ingressus
981 1003 1046 1080 est,
1075 1002 1108 1064 et
1126 996 1193 1081 ipso
1213 995 1277 1062 dux
1298 1013 1356 1079 por
1377 996 1504 1062 nuntios
1525 1012 1599 1060 suos
1620 992 1752 1060 anobis
1773 990 1893 1060 absolvi
1915 990 2057 1076 postulat
2076 997 2110 1058 et
2131 997 2220 1064 satis·

675 1096 843 1167 motionem
865 1099 1040 1183 promittit,
1073 1117 1129 1182 per
1150 1098 1322 1182 apostoliea
1354 1097 1442 1164 coba
1463 1097 1583 1180 scripta
1601 1095 1798 1179 mantunae,
1832 1101 1989 1181 quotenus
2016 1093 2124 1161 codem
2145 1095 2221 1169 ἀρα

674 1207 750 1270 ante
768 1202 958 1286 presentiam
980 1208 1117 1269 vestram
1138 1205 1266 1267 evocato
1288 1219 1425 1284 congruo
1447 1199 1515 1267 loco
1543 1218 1614 1266 earn
1637 1198 1844 1281 conveniatis,
1882 1203 1916 1265 et
1943 1197 1972 1263 si
2001 1197 2033 1262 in
2066 1202 2221 1279 presentia

553 1362 556 1369 .
675 1312 782 1375 restra
803 1306 931 1391 propria
952 1325 1047 1374 manu
1069 1306 1280 1371 iuramentum
1302 1304 1487 1388 prostiterit,
1506 1301 1591 1384 quod
1611 1301 1652 1367 de
1673 1319 1769 1368 caasa
1789 1319 1846 1386 pro
1862 1318 1925 1384 qua
1940 1301 2221 1373 excommunicatas

676 1413 737 1489 est,
755 1408 939 1476 mandatum
953 1413 1095 1475 nostrum
1110 1406 1194 1492 quod
1208 1425 1265 1491 per
1275 1410 1399 1473 nosmet
1419 1406 1515 1490 ipsos,
1536 1404 1602 1471 sive
1620 1404 1738 1486 literas,
1760 1422 1817 1470 seu
1837 1422 1895 1487 per
1914 1403 2061 1468 nautium
2082 1410 2222 1475 nostmn

562 1511 565 1517 '
675 1509 885 1594 eifaciemus,
908 1511 1059 1594 suscipiat
1079 1517 1114 1578 et
1134 1509 1288 1590 observet,
1311 1527 1383 1575 eum
1404 1508 1446 1575 ub
1467 1509 1578 1577 eadem
1596 1507 1916 1576 excommunicatione
1937 1504 2118 1572 absolvatis.
2156 1505 2222 1578 11oe

675 1618 782 1682 autem
814 1614 855 1682 ab
887 1633 925 1682 eo
956 1614 1130 1681 iuramento
1151 1619 1312 1697 suscepto,
1344 1631 1471 1679 causam
1492 1610 1821 1680 excommunicationis
1848 1615 1881 1678 et
1901 1608 2019 1676 damna
2039 1607 2080 1677 ab
2102 1609 2171 1694 ipso
2190 1621 2222 1680 et

676 1735 733 1802 per
753 1717 842 1785 illum
864 1717 954 1784 illata
975 1722 1008 1785 et
1029 1717 1128 1784 totius
1148 1717 1195 1784 rei
1216 1716 1382 1783 verimtem
1404 1716 1531 1799 etquid
1552 1716 1620 1801 ipse
1637 1716 1702 1782 dax
1722 1712 1834 1782 made
1854 1713 2012 1780 sasunerc
2033 1712 2149 1797 possit,
2173 1732 2222 1782 ro-

676 1820 753 1888 stris
772 1820 864 1887 nobis
884 1820 1000 1887 litteris
1020 1819 1247 1904 significetiset
1267 1836 1325 1886 nos
1346 1818 1546 1887 minoritate
1567 1819 1707 1903 cognita,
1737 1815 1821 1902 quod
1842 1814 1915 1882 inde
1936 1814 2139 1883 statuendam
2159 1815 2222 1884 tue

675 1923 730 2006 rit,
751 1927 880 1992 auctore
900 1922 1035 1991 Domino
1057 1927 1242 1990 sumemus.
1265 1920 1384 1988 Datum
1405 1920 1575 1988 viterbii!
1595 1920 1703 1989 Nonas
1724 1919 1812 1987 Maii

1356 2183 1431 2308 Nr.
1465 2220 1532 2307 14.

628 2502 632 2509 .
778 2417 968 2522 lugemus
985 2416 1048 2522 Pp.
1066 2415 1130 2500 III
1148 2422 1270 2501 1146
1288 2416 1384 2523 Sept.
1402 2421 1472 2516 18,
1498 2419 1673 2522 Apertum
1695 2438 1826 2508 mandat
1839 2440 1977 2509 ilenrico
1998 2441 2144 2527 episcopo
2157 2440 2225 2510 Mo

673 2539 820 2616 18116181,
841 2544 878 2606 ut
899 2537 1036 2606 (luidoni
1057 2537 1148 2606 Sedis
1169 2538 1362 2624 apostolicae
1383 2539 1417 2605 in
1437 2539 1570 2608 Polonitt
1589 2539 1695 2625 legato
1715 2542 1856 2611 adstat

675 2644 1017 2832 mmssoffbogd.
1054 2645 1234 2723 diplomata
1267 2646 1423 2709 Μοναυίαε
1450 2646 1479 2711 Ι.
1516 2646 1570 2741 dir.
1602 2645 1678 2711 271.
1700 2649 1886 2731 (Benecke,
1922 2651 2053 2714 Monens
2086 2653 2225 2715 Poloaioe

780 2951 941 3038 Engsnim
961 2950 1126 3037 episcopas
1155 2969 1264 3019 sersus
1285 2970 1446 3022 serrorum
1467 2953 1547 3037 Dei,
1573 2953 1745 3023 venerabili
1765 2955 1859 3026 fiatri
1878 2955 2018 3026 ilenrico
2037 2956 2226 3026 Moraviensi

676 3054 822 3144 episcopo
842 3056 979 3124 salutem
999 3061 1035 3122 et
1055 3055 1261 3142 apostolicam
1282 3054 1540 3125 benedictionem.
1562 3056 1624 3138 Qui
1644 3057 1684 3125 de
1704 3057 1838 3156 datnrm
1858 3078 1988 3128 suorum
2009 3060 2142 3128 earimte
2154 3077 2227 3128 con·
2265 3051 2266 3054 ’

674 3156 760 3241 ddit,
778 3162 814 3226 et
833 3157 983 3226 mandm
1004 3176 1066 3243 quc
1087 3157 1209 3242 menda
1230 3156 1348 3226 luerint
1368 3177 1432 3226 non
1450 3165 1584 3229 recusat
1624 3160 1704 3241 Quia
1725 3162 1829 3248 igitur·
1842 3162 1882 3231 de
1904 3182 2039 3248 persona
2060 3170 2117 3232 tua
2137 3162 2227 3230 valdo

585 3315 587 3318 Α
674 3260 868 3344 confidimus,
890 3280 948 3346 per
960 3262 1119 3346 presentie
1140 3260 1199 3328 tibi
1220 3262 1340 3346 scripte
1360 3262 1556 3346 mandmm,
1578 3271 1734 3349 quatenus
1747 3264 1864 3334 dilecto
1881 3266 1948 3334 filio
1962 3272 2071 3334 nostro
2089 3265 2129 3333 G.
2151 3265 2226 3351 dyc·

675 3380 754 3432 eono
775 3363 944 3447 cardinali,
976 3363 1123 3449 prudenti
1144 3362 1297 3448 siquidem
1316 3372 1351 3433 et
1370 3367 1502 3434 honesto
1522 3367 1605 3450 viro,
1624 3367 1676 3435 cui
1696 3368 1730 3434 in
1751 3367 1881 3437 Polonle
1904 3370 2049 3454 partibus
2066 3371 2150 3438 vices
2171 3388 2227 3437 no·

677 3472 762 3535 stras
783 3466 1011 3551 commisimus,
1045 3469 1079 3535 in
1099 3468 1162 3536 hiis
1184 3488 1246 3556 que
1266 3469 1327 3537 sibi
1347 3470 1470 3553 agenda
1488 3470 1672 3538 incumbant
1691 3477 1759 3540 mm
1779 3472 1813 3538 in
1834 3473 1967 3542 Polonia
1996 3493 2091 3558 quum
2110 3473 2144 3539 in
2164 3472 2227 3541 alia

675 3574 763 3638 tarra
783 3570 839 3638 illu
859 3591 921 3657 que
942 3575 1066 3641 nedoer
1085 3575 1158 3642 lace
1180 3574 1361 3642 Christiane
1380 3572 1454 3641 fidei
1475 3580 1526 3642 est
1542 3573 1680 3660 perlusa,
1714 3580 1864 3660 tanquam
1885 3578 2058 3661 apostolice
2072 3577 2163 3646 Sedis
2182 3577 2226 3643 vi·

547 3681 551 3688 ’
675 3674 761 3743 cario
781 3673 948 3759 diligemm
968 3672 1100 3747 mistus
1134 3680 1258 3764 ipsique
1280 3697 1371 3762 opem
1403 3685 1438 3746 et
1469 3678 1633 3748 consilium
1651 3678 1779 3746 studeas
1800 3679 1958 3763 mhiberi3
1993 3686 2047 3763 ut,
2074 3681 2149 3748 dnm
2171 3699 2245 3764 per.

674 3781 873 3851 dimoeuonis
894 3789 949 3851 tue
963 3784 1124 3851 sollntium
1145 3785 1195 3852 vel
1213 3783 1351 3850 furorem
1366 3783 1539 3853 subsidium
1553 3782 1650 3851 luerit
1670 3788 1844 3866 assecutus,
1865 3791 1986 3869 quanto
2007 3785 2090 3852 circa
2109 3783 2224 3851 Roma·

632 3972 633 3975 Ἴ
675 3904 750 3954 nam
763 3886 925 3954 ecelesiam
939 3887 1083 3954 caritatis
1096 3888 1221 3954 vinculo
1243 3887 1287 3954 sis
1308 3887 1459 3954 astrictus
1480 3886 1655 3955 evidentius
1675 3885 1867 3970 manifestes,
1889 3893 1924 3955 et
1940 3886 2025 3955 illico
2046 3887 2113 3987 Deo
2133 3893 2226 3971 gruta

675 3988 1111 4179 &ehgenpintffimmm
1141 4010 1198 4075 per
1228 3991 1328 4075 ipsius
1357 3990 1602 4058 misericordiam
1634 3996 1812 4075 operentur.
1855 3987 1975 4058 Datum
2008 3992 2145 4076 Aparme
2162 3989 2225 4057 Idi-

1364 4393 1439 4479 Nr.
1474 4393 1540 4478 15.

753 4587 942 4690 Eligendus
955 4587 1095 4692 Ppiii
1109 4596 1228 4671 1147
1242 4590 1335 4673 Maii
1347 4593 1418 4691 31,
1432 4591 1606 4695 Parisiis3
1628 4554 1790 4676 ecclesiam
1801 4608 1841 4676 de
1858 4609 2064 4677 Trocmoszno
2083 4608 2143 4677 sub
2154 4626 2225 4695 pro·

676 4709 844 4777 tectionem
865 4709 950 4776 boati
968 4709 1054 4776 Petri
1077 4716 1111 4776 ct
1130 4729 1221 4778 suam
1243 4713 1385 4798 suscipit.
1507 4728 1508 4731 ’

784 4815 980 4893 limaeam
993 4819 1221 4894 potneerdzonp
1240 4835 1336 4895 przez
1357 4815 1505 4884 Urbanus
1527 4816 1583 4900 Pp.
1604 4815 1644 4882 V.
1669 4813 1752 4880 1365
1775 4818 1852 4902 Apr.
1876 4815 1929 4898 21,
1952 4816 2109 4884 Atinioui.

782 4921 981 4983 lrzcmeszno.
1017 4922 1135 4984 Arclrio.
1169 4924 1253 4985 cnon.
1292 4923 1362 4986 ena
1398 4925 1470 5002 Rep.
1505 4925 1604 4986 Later.
1642 4923 1798 4998 (Tdeiner.
1834 4921 1963 4985 Marmora
1996 4924 2096 4985 deta.
2124 4924 2226 4986 Peon

675 5029 705 5087 et
725 5023 864 5087 littam
889 5023 917 5103 1,
940 5022 1025 5093 851).

761 5225 921 5306 amonim
931 5227 1095 5313 episcopus
1105 5229 1462 5312 canonicorumve,
1475 5229 1599 5295 dilectis
1611 5229 1684 5295 liliis
1696 5227 1858 5297 Bemardo
1867 5230 2029 5314 preposito
2041 5228 2224 5296 Cremoccn·

675 5331 719 5398 sis
737 5330 866 5399 ecclesie
887 5332 1016 5419 citusque
1037 5331 1189 5401 fratribus
1211 5339 1276 5399 utar
1297 5333 1495 5417 presentibus
1514 5352 1607 5417 quam
1625 5332 1740 5399 firtonis
1760 5333 1934 5416 apulorum
1950 5333 2048 5401 vitam
2070 5332 2226 5416 protessis,
