4574 6240
1090 560 1165 645 Nr.
1197 556 1297 648 206.

526 756 816 861 irrentnpelous
852 758 932 838 dux·
962 755 1178 840 Pomoranio
1205 761 1338 840 1237
1364 759 1446 841 bac
1472 760 1554 847 26.
1581 757 1624 838 in
1649 754 1800 859 Slupakc
1828 772 1977 841 colatae

422 878 599 949 Gnczucosi
620 877 712 944 uillas
734 877 890 960 Knrszym
912 877 1038 944 Mochle
1060 883 1093 944 ct
1114 876 1190 944 Orlc
1212 871 1341 944 donicrt.

209 1029 215 1058 ι
526 983 663 1059 Perpura
685 984 802 1059 orpplrc
826 983 893 1042 droa
913 978 1170 1066 rduuobrzmiqcc.
1216 981 1265 1043 No
1285 983 1458 1044 sururkocb
1478 1002 1497 1044 z
1516 983 1580 1044 uici
1590 979 1743 1057 seducta
1757 996 1863 1043 ctum.
1881 997 1978 1057 pnp-

206 1078 215 1176 ξ
422 1089 570 1149 nieszom
587 1081 724 1167 pieczpc'‚
743 1083 873 1155 olrcw'e
892 1102 920 1144 u
941 1084 1066 1144 nicorio
1088 1083 1222 1147 leidzco
1244 1083 1405 1160 sbrojnepc
1426 1085 1600 1168 pfdzpccpo
1620 1101 1648 1142 ro
1669 1084 1757 1153 imo,-
1774 1098 1886 1164 propp
1903 1097 1977 1158 pro·

209 1188 212 1195 ’
422 1188 519 1251 madri
539 1186 641 1264 locu,
659 1205 687 1247 rr
708 1181 794 1260 lcudj
814 1191 930 1263 trzpmo
949 1204 1136 1265 propos-rec·
1164 1204 1207 1264 pc
1224 1205 1264 1247 zo
1285 1185 1452 1258 Jeidzcem,
1477 1185 1683 1264 mpobralenie
1709 1182 1979 1246 litu-2210·

418 1293 505 1372 piru:
525 1284 559 1353 S.
582 1284 773 1352 Domini...
797 1283 955 1352 Danceke.

531 1391 670 1454 Grriento.
715 1390 837 1454 Arctoo.
865 1390 999 1467 Capituli
1018 1392 1176 1470 Metropol.
1201 1390 1250 1456 11.
1272 1391 1304 1463 5,
1326 1391 1358 1453 6.

527 1591 565 1660 n
584 1544 711 1659 noane
730 1591 858 1659 maini
878 1592 981 1661 nata
1002 1591 1097 1660 neca
1118 1588 1238 1659 crau
1260 1608 1380 1659 amen..
1407 1590 1559 1671 moniam
1578 1591 1659 1658 aare
1681 1590 1741 1658 sor
1763 1591 1863 1676 egem
1888 1589 1978 1659 nonr-

426 1693 501 1762 iitas
522 1692 627 1777 ponit,
646 1698 683 1759 ut
705 1691 768 1759 nisi
788 1693 822 1760 in
844 1693 1003 1763 benefida
1023 1695 1158 1763 creuerit
1179 1693 1275 1761 nichil
1296 1711 1332 1760 se
1353 1693 1530 1778 prestitisse
1551 1698 1653 1777 putet,
1672 1698 1706 1760 et
1720 1710 1834 1777 magno
1847 1692 1915 1761 u‘rc
1929 1711 1979 1761 cc·

422 1794 472 1863 dit
492 1794 534 1863 ad
553 1793 689 1862 dedecus
707 1794 786 1861 illud
808 1797 994 1881 promittere
1014 1814 1072 1864 seu
1092 1796 1211 1863 donare
1231 1795 1317 1879 quod
1337 1802 1483 1863 eventum
1506 1814 1598 1862 suurn
1619 1793 1735 1862 babere
1756 1812 1819 1861 non
1847 1793 1977 1862 debeat:

424 1896 684 1984 quandocumque
706 1897 824 1966 idcirco
843 1917 969 1968 necesse
995 1905 1056 1981 est,
1080 1905 1200 1986 quanto
1228 1899 1330 1966 maior
1350 1903 1385 1965 et
1405 1897 1541 1965 nobilior
1560 1903 1611 1966 ost
1630 1915 1775 1981 persona,
1799 1902 1837 1963 ut
1857 1913 1897 1962 ea
1918 1914 1980 1979 que

422 1999 522 2068 libere
542 2017 581 2067 ac
601 1998 775 2067 liberaliter
795 1999 905 2083 donat,
927 2019 967 2069 ne
989 2019 1137 2084 processu
1157 2002 1308 2084 temporis
1326 2000 1368 2069 ab
1389 2000 1526 2068 bumana
1539 2005 1727 2068 evanescant
1741 1998 1902 2079 memoria,
1924 2017 1981 2082 per

422 2100 533 2186 scripti
555 2102 784 2170 continenciam
805 2109 840 2170 et
861 2104 957 2188 sigilli
979 2104 1202 2187 appensionem
1223 2102 1264 2170 ad
1287 2104 1437 2170 noticiam
1459 2103 1658 2170 transmittat
1678 2107 1886 2185 posterorum.
1916 2100 1980 2170 Ea·

423 2208 556 2289 propter
576 2221 634 2287 epo
655 2201 902 2288 Srrentopelcns
922 2205 983 2274 Dei
1003 2206 1111 2290 gracia
1130 2204 1195 2272 dur
1223 2204 1419 2288 Pomoranie,
1443 2205 1696 2290 predecessorum
1725 2222 1865 2272 meorum
1892 2203 1980 2271 inbe-

423 2323 497 2375 rcns
530 2305 671 2390 vaugiis
698 2325 869 2393 eorumque
893 2309 963 2376 lieri
988 2309 1117 2394 cupiens
1143 2308 1283 2393 ydoneus
1309 2311 1485 2377 immitator
1515 2307 1683 2392 prasertim
1709 2307 1743 2373 in
1764 2305 1826 2373 biis
1848 2324 1912 2392 quo
1938 2307 1981 2376 ad
2078 2383 2081 2388 ,
2142 2389 2143 2392 ¹

423 2407 574 2478 bonorem
594 2408 655 2477 Dei
676 2416 711 2478 et
728 2410 974 2479 mdesiosdcam
994 2411 1166 2478 utilitatem
1188 2409 1274 2480 motu
1295 2429 1364 2478 esse
1384 2415 1568 2492 noscuntur,
1596 2408 1751 2475 universis
1779 2408 1978 2491 presentibus

423 2515 458 2579 at
478 2509 594 2578 futuris
613 2517 724 2579 notum
747 2529 816 2580 esse
836 2513 918 2594 volo,
940 2513 1088 2598 quod.ob
1109 2513 1318 2581 reverentiam
1340 2512 1400 2581 Dei
1422 2518 1456 2580 et
1473 2512 1559 2579 beati
1581 2510 1746 2578 Adalberti
1760 2511 1910 2585 martiris,
1933 2511 1980 2578 in·
2069 2579 2072 2584 Α

424 2618 532 2698 specto
552 2614 652 2682 eciam
673 2632 749 2699 erga
771 2633 822 2682 me
844 2616 998 2685 carissimi
1020 2616 1123 2702 patris
1145 2617 1208 2684 mei
1229 2615 1349 2684 domini
1370 2615 1519 2682 Falconis
1538 2612 1733 2681 (lucanensis
1753 2612 1980 2698 archiepiscopi

424 2715 558 2783 aurudo
579 2722 613 2783 et
632 2715 750 2800 ierom,
770 2718 832 2785 sibi
853 2723 887 2785 et
907 2717 1140 2786 succesoribus
1161 2719 1229 2785 eins
1250 2735 1309 2785 nec
1330 2734 1393 2784 non
1416 2716 1595 2784 Gnmnensi
1616 2715 1747 2784 ecclesie
1760 2715 1853 2783 villas
1874 2716 1909 2782 in
1925 2715 1982 2783 do·

424 2817 522 2886 minio
543 2836 614 2887 meo
632 2820 723 2901 sitas,
745 2818 889 2888 Grusero
910 2820 1066 2903 videlicet,
1088 2820 1214 2889 Mochle
1234 2838 1272 2887 ac
1294 2818 1370 2887 Orel
1388 2837 1460 2887 cum
1482 2818 1627 2886 omnibus
1647 2818 1843 2885 utilitatibus
1863 2835 1926 2902 que
1947 2818 1981 2884 in

425 2919 543 2988 eisdem
563 2921 648 2989 villis
669 2928 746 2994 sunt
762 2922 814 2990 rel
834 2921 944 2991 baberi
962 2930 1105 3008 possum,
1129 2942 1200 2993 curn
1222 2922 1353 2991 acutus
1374 2921 1531 3003 videlicet,
1553 2920 1779 3005 piscationibus
1793 2925 1827 2987 et
1839 2919 1982 2987 venado·

423 3021 517 3091 nibus
538 3022 630 3108 plene
656 3025 781 3092 contuli.
804 3024 996 3094 hereditario
1025 3026 1094 3093 iure
1121 3023 1250 3111 pacifice
1277 3043 1316 3092 ac
1342 3025 1449 3109 quiete
1481 3023 1515 3091 in
1546 3029 1734 3107 perpetuum
1766 3021 1981 3106 possidendas.

425 3124 564 3194 Termini
586 3131 692 3195 autem
706 3127 773 3194 sire
786 3126 884 3211 gades
897 3128 1067 3195 earund·
1081 3127 1228 3194 villarum
1243 3127 1289 3195 sic
1302 3125 1559 3194 denominantur:
1581 3124 1720 3206 blostelr,
1741 3123 1857 3207 Polite,
1865 3119 1980 3206 'Bloto‚

429 3227 519 3313 iiorl,
540 3227 756 3313 Sorarebloto‚
772 3229 928 3313 Colotens,
947 3231 1144 3298 Kamoniiaz.
1173 3229 1217 3296 Et
1230 3229 1307 3314 quia
1327 3229 1432 3296 divine
1445 3229 1550 3313 gracie
1564 3227 1728 3311 plenitudo
1741 3227 1980 3295 diminutionem

425 3347 491 3398 non
512 3331 600 3416 capit
616 3330 671 3398 sed
693 3331 801 3398 omnia
819 3339 950 3417 peecata
970 3352 1044 3401 rere
1062 3330 1277 3416 penitentibus
1297 3331 1392 3399 simul
1410 3338 1444 3398 et
1457 3332 1555 3399 semei
1569 3329 1718 3397 dimittit:
1742 3336 1779 3397 ut
1791 3331 1918 3414 plenam
1931 3348 1981 3397 re·
2011 3367 2014 3373 ·
2082 3347 2089 3359 ·

426 3431 608 3500 missionem
629 3440 830 3517 peccatorum
851 3453 993 3503 meorum
1015 3453 1199 3518 consequar,
1226 3434 1303 3517 quia
1324 3439 1496 3501 memorate
1521 3433 1596 3500 ville
1622 3433 1655 3499 in
1679 3431 1822 3500 terminis
1843 3432 1906 3498 mei
1925 3430 1981 3498 do·

424 3533 514 3601 minii
535 3540 612 3602 sunt
630 3536 701 3617 site,
735 3543 773 3602 ut
793 3555 848 3606 eas
870 3538 972 3605 coloni
999 3536 1206 3621 undecunque
1234 3536 1396 3603 venientes
1427 3534 1557 3602 liberius
1586 3533 1775 3616 inhabitent,
1807 3533 1904 3624 talem
1933 3534 1981 3600 eie

426 3635 552 3704 conlero
573 3636 768 3705 libertatem:
791 3645 829 3706 ut
850 3639 1078 3708 inhabitatores
1100 3640 1269 3708 eamndem
1290 3638 1332 3706 ab
1352 3639 1437 3706 omni
1459 3639 1622 3719 servitute,
1649 3637 1807 3704 solutione
1823 3654 1862 3705 ac
1879 3637 1979 3704 marn

426 3738 592 3806 modom
612 3757 800 3824 quocunqne
821 3742 948 3809 nomine
968 3748 1166 3822 censeantur,
1186 3759 1249 3825 que
1271 3759 1420 3825 umquam
1443 3739 1574 3808 ducibus
1588 3739 1776 3807 Pomomnie
1788 3739 1822 3805 in
1836 3739 1883 3806 eis
1897 3757 1980 3806 com·

424 3839 589 3925 pecierunt
610 3841 659 3908 rel
681 3850 859 3927 competere
877 3850 1059 3928 potuerunt,
1087 3850 1121 3911 et
1142 3844 1240 3912 eciam
1262 3843 1304 3911 ab
1326 3843 1523 3912 edificatione
1549 3848 1724 3910 metrorum
1748 3848 1783 3909 et
1807 3842 1981 3926 expeditio·

427 3940 521 4010 nibus
542 3942 609 4011 sint
629 3944 794 4027 immunes,
816 3951 851 4012 et
871 3965 892 4012 u
910 3947 1033 4015 nemine
1054 3946 1279 4014 iudicabuntur
1300 3952 1407 4031 preter
1424 3948 1528 4030 ipsum
1550 3945 1829 4031 archiepiscopum,
1859 3944 1910 4012 rel
1930 3945 1981 4012 oui

424 4061 479 4112 eos
509 4045 578 4130 lpse
609 4046 864 4132 archiepiscopus
894 4050 1086 4117 commiserit
1118 4048 1308 4116 iudicandos
1357 4048 1395 4116 ln
1422 4048 1511 4116 cuius
1537 4048 1583 4114 rei
1610 4048 1827 4115 testimonium
1852 4063 1981 4131 precem
2109 4042 2111 4046 ’

424 4147 577 4231 scriptum
599 4149 661 4215 mei
683 4150 856 4218 munimine
876 4151 972 4233 sigilli
993 4151 1070 4218 duxi
1092 4150 1312 4217 roborandum.
1350 4149 1480 4231 Verum,
1502 4151 1576 4233 quia
1597 4150 1683 4234 quod
1704 4150 1771 4217 Deo
1792 4149 1891 4217 semel
1904 4148 1981 4215 atri·

424 4246 533 4316 bnitur
553 4250 594 4319 ad
614 4250 768 4320 humanos
790 4271 866 4320 usus
888 4271 1035 4320 revocare
1057 4272 1119 4319 non
1141 4252 1229 4319 licet:
1253 4253 1431 4336 quicunque
1453 4271 1593 4320 mearum
1613 4250 1764 4320 herulum
1783 4269 1839 4319 seu
1857 4269 1980 4319 succes·

424 4369 530 4420 sorum
552 4353 634 4421 banc
656 4373 759 4421 meam
781 4354 994 4438 donationem,
1014 4374 1071 4440 pro
1090 4355 1193 4422 salute
1214 4356 1391 4422 animarum
1420 4354 1547 4437 factam
1578 4356 1736 4422 inmutare
1757 4372 1813 4420 seu
1834 4371 1982 4420 revocare
2115 4411 2117 4415 .

424 4455 473 4522 rel
495 4456 602 4541 aliquo
624 4458 716 4524 modo
737 4457 925 4541 perturbare
947 4459 1183 4542 presumpserit,
1205 4457 1312 4540 gracia
1330 4464 1363 4524 et
1384 4458 1599 4532 misericordia
1613 4458 1672 4525 Dei
1688 4456 1915 4541 omnipotentis
1930 4473 1981 4522 ca-

424 4563 504 4640 reat,
527 4563 561 4625 ct
582 4576 653 4625 cum
675 4557 754 4625 luda
777 4560 930 4627 traditore
950 4561 983 4626 in
1006 4559 1194 4644 protundum
1225 4560 1339 4626 inicrni
1365 4568 1518 4646 perpetuo
1543 4562 1755 4645 demergatur,
1785 4577 1893 4627 coram
1913 4557 1981 4624 lieo

424 4663 459 4725 et
477 4657 604 4726 Smctis
625 4661 693 4727 eius
715 4662 748 4727 in
770 4661 822 4729 die
844 4662 950 4729 iudicii
973 4663 1126 4730 rationem
1150 4663 1339 4729 redditnrror.
1383 4663 1503 4730 Datum
1529 4665 1562 4730 in
1593 4662 1711 4747 Slupsk
1741 4680 1824 4731 anno
1854 4659 1980 4727 Domini
2103 4739 2105 4743 Α
2237 4741 2240 4747 .

425 4758 470 4827 bi.
493 4759 557 4829 00.
581 4762 740 4830 tricesimo
761 4765 896 4848 septimo
918 4763 979 4830 vn
998 4764 1160 4831 Kalendas
1182 4764 1332 4846 Ianuarii,
1354 4765 1500 4833 videlicet
1514 4766 1613 4832 indie
1634 4765 1719 4832 beati
1735 4763 1889 4848 Stepbani
1909 4778 1982 4845 pro·

425 4860 632 4945 tbomartiris‚
656 4864 858 4950 pontificatus
879 4866 1019 4934 eiualcm
1037 4866 1156 4934 domini
1179 4866 1325 4934 Falconis
1348 4868 1574 4953 archiepiscopi
1596 4885 1680 4934 anno
1703 4865 1833 4934 decimo.

530 5068 682 5154 Grusevo,
706 5074 857 5154 limrzpu.
901 5071 1035 5157 dicebis,
1061 5076 1186 5139 Mcclcle.
1229 5070 1315 5153 Oroi,
1345 5077 1421 5138 Orlc.
1459 5073 1596 5156 Mouet,
1618 5080 1669 5139 uie
1690 5075 1887 5152 odpudoiooc
1922 5068 1982 5138 Pa·

425 5168 495 5256 lloa,
520 5194 538 5239 a
559 5177 723 5240 uiemieclro
747 5181 796 5239 Ait
816 5179 923 5242 Bellis.
960 5175 1065 5258 Bloto,
1089 5178 1266 5241 Bioleblotc.
1301 5175 1390 5259 (lori,
1418 5176 1512 5242 ddrli
1528 5180 1729 5265 pnplpcrrre.
1769 5173 1982 5260 Sororebloto,
2031 5195 2036 5201 ’
