4574 6240
532 264 604 340 leo

482 485 490 497 ·
526 467 731 552 reliquerunt,
754 471 810 539 illa
828 466 972 539 fidelibus
993 473 1026 538 in
1047 472 1177 540 Pruseie
1198 474 1331 543 confinio
1358 474 1539 541 minutulis
1568 473 1700 542 inferret
1721 473 1825 541 ieeula
1846 479 2071 552 tormentorum

402 648 407 659 .
526 590 589 657 que
610 574 731 658 stupori
751 575 951 642 audientibus
979 583 1013 643 et
1041 575 1247 644 referentibus
1269 587 1343 645 suunt
1369 578 1510 644 horrori:
1543 577 1681 661 providit
1713 578 1816 661 pietas
1845 576 2072 666 Ilealeumtoris,

526 675 609 760 quod
631 683 742 744 eourtm
763 678 859 761 ipsos,
880 679 934 763 qui
957 687 991 745 et
1008 678 1106 745 «livini
1128 680 1280 747 semeonis
1300 680 1495 747 duloeiinem
1518 679 1688 747 eiiieaelter
1702 698 1765 745 non
1779 678 1954 746 admittunt
1975 687 2010 747 et
2022 702 2072 751 ex·

526 779 652 864 quisitis
672 779 835 848 barabbae
857 800 931 864 sepe
952 780 1068 848 iullunt
1088 789 1122 848 et
1143 784 1301 865 perimunt
1323 788 1389 849 mm
1411 800 1560 865 precones
1581 783 1707 849 Domini
1730 801 1826 866 quam
1847 781 1926 850 alios
1948 784 1998 848 sui
2020 804 2074 853 no·

525 882 619 951 minuis
640 883 785 950 laudibus
804 883 984 967 deputatae,
1001 883 1109 951 dileeti
1132 885 1187 950 tilii
1219 936 1226 950 .
1251 936 1258 951 .
1285 885 1437 967 magister
1457 892 1490 951 et
1511 883 1627 952 iratres
1648 884 1825 968 Hospitalis
1845 891 1955 951 saneto
1973 885 2073 957 lIarIe

525 984 788 1054 Tbeutonieorum
810 985 1073 1068 leroselimitane,
1103 1006 1160 1070 pro
1190 989 1364 1054 reuerentia
1389 986 1527 1052 oninium
1557 985 1737 1054 CondItoris
1759 987 1848 1054 cuius
1869 1006 1903 1054 se
1924 986 2073 1072 obsequio

525 1085 726 1168 devoverunt,
749 1089 781 1154 in
796 1088 946 1172 pralirt‘us
961 1087 1106 1171 partibus
1120 1088 1192 1156 fidei
1212 1092 1374 1173 negotium
1388 1094 1628 1172 assumpserunt
1642 1109 1681 1156 ex
1696 1090 1801 1156 animo
1812 1089 2074 1174 prosequendum,

525 1188 685 1257 laboribus
706 1197 741 1257 et
760 1191 905 1274 expensis
926 1209 964 1257 oe
984 1193 1103 1274 proprii
1125 1191 1267 1259 effusioni
1289 1193 1450 1276 sanguinis
1471 1209 1534 1257 non
1557 1200 1738 1274 parcentes3
1760 1211 1831 1260 cum
1852 1192 1966 1277 quibus
1981 1193 2075 1274 Deus,

525 1293 609 1361 sieut
628 1293 731 1361 relatu
752 1292 813 1361 tide
834 1294 999 1377 dignorum
1022 1296 1201 1363 exultantes
1222 1297 1411 1378 accepimus,
1437 1295 1684 1362 misericorditer
1710 1303 1860 1378 operatur
1880 1295 2076 1378 reprimendo

525 1415 583 1482 per
603 1414 657 1464 eos
678 1397 832 1481 impetum
854 1397 986 1464 barbare
1008 1396 1154 1465 feritatis.
1199 1397 1256 1466 Set
1277 1404 1393 1480 umen,
1423 1398 1500 1482 quia
1522 1396 1563 1463 ad
1585 1401 1651 1464 tam
1674 1397 1807 1466 mdunm
1829 1400 1991 1483 negocium
2012 1400 2075 1466 aui·

524 1496 618 1566 fluere
638 1517 695 1583 par
715 1517 750 1566 se
771 1506 933 1584 nequeunt
953 1507 987 1567 et
1008 1507 1102 1584 egem
1123 1500 1262 1568 fidelium
1288 1500 1437 1568 subsidiis
1463 1500 1621 1581 adlevari
1647 1501 1814 1584 presertim
1834 1520 1906 1570 eum
1932 1501 2075 1570 eleates

524 1606 559 1669 et
579 1605 685 1670 eastra
703 1620 765 1686 que
786 1603 820 1668 in
841 1601 958 1669 eisdem
979 1603 1125 1686 pertibus
1145 1602 1357 1672 fundaverunt
1374 1610 1532 1688 nequeant
1553 1603 1672 1688 absque
1693 1603 1809 1672 tostino
1831 1609 1865 1672 et
1877 1603 1990 1689 grandi
2003 1604 2075 1672 sub-

524 1703 606 1773 sidio
623 1705 767 1772 munem:
786 1704 985 1772 devotIonem
1006 1711 1143 1773 uestram
1165 1724 1328 1775 monemus
1349 1713 1384 1775 et
1401 1707 1600 1774 obsecramus
1616 1706 1650 1772 iu
1663 1705 1798 1775 Domino
1812 1707 1846 1774 in
1860 1706 2075 1775 remissionem

523 1806 613 1876 robis
633 1808 847 1893 pereaminum
870 1809 1078 1892 iniungentes,
1099 1811 1258 1892 quatinus,
1280 1811 1445 1877 eommbse
1461 1807 1549 1876 vobis
1570 1826 1666 1893 super
1687 1808 1865 1876 huiusmodi
1887 1809 2014 1901 negotio
2035 1809 2076 1877 ab

523 1910 700 1996 apostolica
719 1910 800 1979 Sede
821 1917 931 1979 sancte
949 1911 1171 1994 pradieauonis
1192 1911 1329 1980 officium
1350 1931 1388 1980 eo
1409 1912 1587 1997 promptius
1605 1917 1639 1978 et
1660 1910 1815 1980 eitieatius
1841 1917 2075 1996 prosequentes,

523 2031 587 2097 que
607 2011 739 2100 prelatis
760 2012 912 2081 iratribus
933 2014 1168 2098 peregrinorum
1190 2016 1349 2099 presentia
1367 2014 1530 2083 neumas
1550 2013 1611 2084 hoe
1625 2015 1659 2081 iu
1678 2015 1818 2099 presenti
1832 2014 1996 2100 potissime
2009 2012 2076 2081 lore

523 2115 920 2200 momentanearum,
951 2123 985 2183 et
1010 2135 1082 2201 spes
1101 2117 1192 2202 quasi
1220 2123 1310 2185 certa
1337 2116 1491 2185 tribuitur
1514 2117 1599 2202 quod
1631 2136 1689 2202 per
1713 2115 1884 2186 desidemti
1909 2116 2076 2184 iueamInis

522 2217 735 2287 inter-rentum
769 2218 836 2286 Illic
869 2217 952 2287 intra
980 2219 1074 2288 breve
1097 2222 1248 2304 temporis
1280 2221 1420 2305 spetiem
1452 2218 1555 2304 gloria
1588 2218 1768 2289 Christiane
1800 2218 1874 2287 tidai
1905 2218 2077 2303 plurimum

523 2326 653 2413 aucune
673 2320 810 2389 Domino
830 2320 1014 2405 amplietur:
1045 2340 1220 2407 pauperum
1241 2340 1332 2391 eruce
1353 2322 1548 2407 signmmum
1566 2323 1600 2389 in
1622 2321 1763 2404 Polonia,
1790 2340 1862 2390 uam
1882 2321 1998 2407 quibus
2018 2318 2076 2388 dn·

523 2425 627 2494 almus
650 2423 910 2509 dupenmndm
936 2430 1013 2492 vote
1033 2424 1296 2510 peregrinationis
1325 2427 1359 2491 in
1379 2443 1562 2493 succursum
1588 2425 1802 2508 predictorum
1829 2423 1970 2493 fidelium
1992 2441 2077 2491 eom·

524 2526 664 2608 mutetis,
686 2530 721 2594 at
739 2532 806 2594 mm
828 2544 883 2594 eos
904 2545 1000 2611 quam
1022 2527 1102 2595 alios
1122 2525 1231 2596 fideles
1252 2527 1286 2594 in
1307 2529 1376 2612 ipsa
1397 2527 1529 2595 PolonIa
1555 2527 1756 2611 constitutos,
1781 2528 1823 2595 ad
1845 2527 1974 2595 nimiam
1996 2529 2076 2594 cari·

524 2633 708 2714 ratemque
730 2627 877 2697 cbristus
898 2647 956 2696 nos
976 2628 1089 2699 dllexit
1114 2636 1148 2698 et
1173 2629 1277 2715 diligit
1303 2636 1480 2714 respectum
1510 2628 1628 2703 habere
1653 2636 1687 2697 et
1708 2630 1738 2697 ei
1759 2629 1934 2698 retribuere
1954 2628 2076 2714 aliquid

523 2751 583 2818 pro
602 2730 748 2800 omnibus
772 2745 836 2817 qua
861 2732 1009 2799 retribuit
1039 2732 1108 2816 ipse
1139 2731 1213 2814 illis,
1246 2730 1376 2799 monitis
1404 2739 1438 2799 et
1465 2729 1741 2800 exhortationibus
1767 2731 1883 2800 seem
1905 2729 2078 2800 seeundum
2140 2801 2142 2805 .

522 2834 633 2904 &mm
652 2835 742 2904 vobis
762 2854 783 2903 a
803 2834 872 2902 Deo
893 2834 1093 2919 prudentiam
1123 2833 1300 2903 informetis
1320 2834 1488 2919 diligenter
1506 2840 1541 2902 et
1561 2833 1706 2919 sollicite
1728 2833 1937 2918 postulantes,
1959 2839 1998 2901 ut
2015 2833 2077 2918 ipsi

522 2937 679 3024 redupti
705 2937 808 3023 pretio
839 2937 994 3022 glorioso,
1027 2938 1061 3003 in
1086 2955 1165 3022 quos
1191 2943 1342 3020 tanquam
1367 2938 1452 3004 uiros
1479 2934 1678 3004 christianos
1703 2942 1737 3003 et
1765 2934 1935 3004 mtholiees
1964 2935 2077 3004 eadere

523 3039 692 3126 obprobria
713 3039 968 3125 exprobrantium
991 3038 1120 3108 cbristo
1142 3039 1272 3119 debent,
1291 3056 1326 3106 se
1347 3037 1482 3106 virilia
1502 3044 1537 3107 et
1557 3044 1705 3125 potenter
1724 3039 1901 3135 aeeingant,
1923 3043 2077 3123 tanquam

523 3142 626 3212 uelum
647 3143 707 3212 Dei
730 3143 897 3223 babentes,
923 3142 965 3209 ad
992 3142 1204 3226 ampliandam
1229 3142 1361 3226 goriam
1387 3139 1537 3208 crucifixi
1562 3146 1597 3208 et
1625 3140 1821 3209 liberandum
1851 3141 2010 3226 proximos
2036 3140 2077 3209 da

523 3244 668 3314 manibus
690 3263 900 3331 paganorum,
933 3243 1105 3329 profecturi
1138 3250 1172 3312 et
1196 3244 1301 3311 acturi
1327 3242 1499 3312 seeundum
1528 3241 1664 3311 bouem
1693 3243 1824 3312 oonsilio
1847 3243 2076 3328 predictorum

522 3348 571 3418 ita
590 3349 676 3434 quod
696 3354 731 3417 et
752 3348 830 3434 ipsis
850 3348 1005 3432 premium
1026 3346 1180 3416 debeatur
1201 3353 1356 3430 eternum,
1384 3354 1418 3414 et
1438 3345 1581 3414 infideles
1602 3364 1666 3413 non
1687 3345 1820 3429 possint,
1842 3346 1927 3430 quod
1948 3347 2078 3431 impune

524 3447 645 3518 cirrati
666 3468 780 3518 noman
801 3449 1063 3534 impugnaverint,
1084 3448 1224 3533 gloriari.
1270 3447 1350 3517 Oum
1372 3455 1479 3517 autem
1500 3447 1602 3516 molta
1622 3449 1795 3516 neeesatas
1817 3448 1925 3534 exiget
1945 3453 1984 3516 ut
1999 3448 2077 3518 illua

409 3584 425 3590 ··
454 3579 480 3588 Δ·
522 3549 663 3619 fidelium
683 3551 857 3620 subsidium
879 3552 1125 3637 transmittatur,
1155 3558 1191 3618 at
1210 3550 1340 3635 dignum
1359 3551 1418 3633 ait,
1441 3557 1479 3619 ut
1498 3551 1532 3618 in
1555 3557 1646 3618 ento
1671 3550 1797 3635 negotio
1818 3549 2000 3619 laborantes
2021 3550 2077 3618 de-

522 3651 592 3722 bita
612 3672 671 3741 pro
691 3652 800 3723 labore
820 3653 979 3738 superma
999 3659 1234 3739 eomeqaantur
1252 3653 1402 3738 quatinus
1425 3652 1575 3720 libentius
1593 3653 1695 3721 securi
1714 3652 1754 3720 (la
1774 3651 1982 3721 retributione
2003 3673 2077 3738 pro·

523 3753 650 3825 emant:
680 3773 740 3825 noe
764 3754 805 3824 do
830 3756 1055 3840 omnipotentis
1075 3755 1136 3824 Dei
1157 3753 1371 3824 misericordie
1397 3759 1432 3821 et
1452 3753 1617 3822 beaterum
1638 3753 1725 3822 Petri
1747 3761 1782 3823 et
1803 3753 1895 3822 Pauli
1916 3756 2078 3841 apostolo·

522 3875 595 3926 rum
616 3857 684 3926 aius
704 3858 895 3926 autumate
915 3857 1034 3938 eonfiat,
1064 3865 1130 3925 mm
1152 3857 1198 3925 eis
1216 3875 1311 3942 quam
1332 3856 1405 3923 aliis
1426 3855 1567 3925 eiusdem
1586 3856 1716 3926 Polonie
1736 3858 1792 3942 qui
1817 3855 1957 3926 laborem
1979 3857 2077 3925 istum

522 3959 557 4028 in
578 3961 715 4047 propriis
736 3961 879 4045 personis
901 3959 1056 4027 subierint
1075 3961 1126 4028 rel
1146 3960 1300 4044 expensis,
1322 3965 1357 4025 et
1377 3958 1424 4025 eis
1445 3959 1501 4042 qui
1522 3958 1555 4025 in
1576 3958 1689 4027 alienis
1712 3960 1857 4043 erpensIs
1877 3959 1954 4027 illue
1971 3979 2085 4029 estrees·⁴

523 4063 624 4130 serint
645 4062 762 4131 ibidem
782 4062 823 4129 ad
845 4063 949 4129 minus
971 4081 1027 4147 per
1046 4064 1139 4129 unius
1158 4063 1232 4128 anni
1254 4061 1392 4146 spatium
1414 4061 1574 4142 servituri,
1595 4079 1652 4151 seu
1672 4061 1736 4128 illis
1757 4063 1812 4147 qui
1832 4062 1875 4128 ad
1896 4063 2077 4130 subventio·

523 4183 597 4233 nem
625 4163 766 4233 fidelium
791 4164 832 4232 de
862 4166 997 4250 propriis
1029 4162 1233 4232 facultatibus
1265 4162 1502 4238 ministrabunt,
1529 4164 1620 4230 iuxta
1644 4165 1858 4245 quantitatem
1887 4163 2018 4231 subsidii
2043 4172 2077 4232 et

523 4265 698 4335 devotioms
726 4265 884 4348 affectum,
913 4276 1115 4351 peecatorum
1136 4284 1263 4333 suorum
1285 4267 1419 4347 veniam,
1447 4267 1531 4333 sicud
1551 4263 1698 4333 euntibus
1725 4265 1949 4348 lerosolimam,
1972 4266 2075 4333 indul·

524 4385 646 4452 gamna.
690 4367 810 4436 Datum
831 4367 966 4436 Vitarbii
988 4367 1066 4435 VIII
1088 4367 1248 4436 Kalendas
1269 4367 1389 4449 Martii,
1412 4367 1615 4452 pontifieatus
1636 4369 1739 4435 nostri
1760 4387 1842 4437 enno
1864 4387 1956 4437 nono.
