<?xml version="1.0" encoding="UTF-8"?>
<!DOCTYPE html PUBLIC "-//W3C//DTD XHTML 1.0 Transitional//EN"
    "http://www.w3.org/TR/xhtml1/DTD/xhtml1-transitional.dtd">
<html xmlns="http://www.w3.org/1999/xhtml" xml:lang="en" lang="en">
 <head>
  <title>
</title>
<meta http-equiv="Content-Type" content="text/html;charset=utf-8" />
  <meta name='ocr-system' content='tesseract 3.04.00' />
  <meta name='ocr-capabilities' content='ocr_page ocr_carea ocr_par ocr_line ocrx_word'/>
</head>
<body>
  <div class='ocr_page' id='page_1' title='image "./codexdiplomatic00zakrgoog_0554.png"; bbox 0 0 4492 6224; ppageno 0'>
   <div class='ocr_carea' id='block_1_1' title="bbox 1142 466 1353 561">
    <p class='ocr_par' dir='ltr' id='par_1_1' title="bbox 1142 466 1353 561">
     <span class='ocr_line' id='line_1_1' title="bbox 1142 466 1353 561; baseline 0 -2"><span class='ocrx_word' id='word_1_1' title='bbox 1142 471 1218 561; x_wconf 82' lang='lat' dir='ltr'>Nn.</span> <span class='ocrx_word' id='word_1_2' title='bbox 1251 466 1353 559; x_wconf 83' lang='lat'><strong>256.</strong></span> 
     </span>
    </p>
   </div>
   <div class='ocr_carea' id='block_1_2' title="bbox 470 666 2080 1186">
    <p class='ocr_par' dir='ltr' id='par_1_2' title="bbox 470 666 2080 1186">
     <span class='ocr_line' id='line_1_2' title="bbox 573 666 2017 772; baseline 0.002 -16"><span class='ocrx_word' id='word_1_3' title='bbox 573 671 731 756; x_wconf 82' lang='lat' dir='ltr'>Promisl</span> <span class='ocrx_word' id='word_1_4' title='bbox 756 671 834 755; x_wconf 87' lang='lat' dir='ltr'>dux</span> <span class='ocrx_word' id='word_1_5' title='bbox 858 668 1009 752; x_wconf 88' lang='lat' dir='ltr'>Polonio</span> <span class='ocrx_word' id='word_1_6' title='bbox 1035 673 1169 751; x_wconf 77' lang='lat'>1246</span> <span class='ocrx_word' id='word_1_7' title='bbox 1195 669 1278 754; x_wconf 84' lang='lat' dir='ltr'>lico.</span> <span class='ocrx_word' id='word_1_8' title='bbox 1303 675 1376 764; x_wconf 78' lang='lat'>21,</span> <span class='ocrx_word' id='word_1_9' title='bbox 1400 667 1443 750; x_wconf 92' lang='lat' dir='ltr'>ln</span> <span class='ocrx_word' id='word_1_10' title='bbox 1468 666 1607 769; x_wconf 73' lang='lat' dir='ltr'>blodorq</span> <span class='ocrx_word' id='word_1_11' title='bbox 1636 689 1845 770; x_wconf 63' lang='lat' dir='ltr'>petuntur,</span> <span class='ocrx_word' id='word_1_12' title='bbox 1875 687 2017 772; x_wconf 70' lang='lat' dir='ltr'>anuum</span> 
     </span>
     <span class='ocr_line' id='line_1_3' title="bbox 470 787 2018 872; baseline 0.001 -11"><span class='ocrx_word' id='word_1_13' title='bbox 470 789 510 861; x_wconf 87' lang='lat' dir='ltr'>dc</span> <span class='ocrx_word' id='word_1_14' title='bbox 530 790 635 861; x_wconf 82' lang='lat' dir='ltr'>bubin</span> <span class='ocrx_word' id='word_1_15' title='bbox 656 791 846 861; x_wconf 66' lang='lat' dir='ltr'>concessisse</span> <span class='ocrx_word' id='word_1_16' title='bbox 863 788 1043 857; x_wconf 69' lang='lat' dir='ltr'>camerariis</span> <span class='ocrx_word' id='word_1_17' title='bbox 1063 789 1131 856; x_wconf 90' lang='lat' dir='ltr'>suis</span> <span class='ocrx_word' id='word_1_18' title='bbox 1151 789 1192 858; x_wconf 90' lang='lat' dir='ltr'>dc</span> <span class='ocrx_word' id='word_1_19' title='bbox 1212 791 1364 858; x_wconf 87' lang='lat' dir='ltr'>Dnmbize</span> <span class='ocrx_word' id='word_1_20' title='bbox 1385 790 1436 856; x_wconf 90' lang='lat' dir='ltr'>ins</span> <span class='ocrx_word' id='word_1_21' title='bbox 1456 787 1599 872; x_wconf 86' lang='lat' dir='ltr'>piscandi</span> <span class='ocrx_word' id='word_1_22' title='bbox 1621 804 1693 854; x_wconf 90' lang='lat' dir='ltr'>cum</span> <span class='ocrx_word' id='word_1_23' title='bbox 1713 805 1812 872; x_wconf 84' lang='lat' dir='ltr'>pnuvo</span> <span class='ocrx_word' id='word_1_24' title='bbox 1826 790 1888 856; x_wconf 89' lang='lat' dir='ltr'>reti</span> <span class='ocrx_word' id='word_1_25' title='bbox 1903 793 1936 860; x_wconf 90' lang='lat' dir='ltr'>in</span> <span class='ocrx_word' id='word_1_26' title='bbox 1949 797 2018 872; x_wconf 77' lang='lat' dir='ltr'>lacn</span> 
     </span>
     <span class='ocr_line' id='line_1_4' title="bbox 471 887 2018 975; baseline 0.001 -13"><span class='ocrx_word' id='word_1_27' title='bbox 471 893 511 962; x_wconf 89' lang='lat' dir='ltr'>do</span> <span class='ocrx_word' id='word_1_28' title='bbox 531 892 717 975; x_wconf 80' lang='lat' dir='ltr'>Moiciszlui;</span> <span class='ocrx_word' id='word_1_29' title='bbox 737 893 848 960; x_wconf 91' lang='lat' dir='ltr'>incolis</span> <span class='ocrx_word' id='word_1_30' title='bbox 866 910 940 958; x_wconf 91' lang='lat' dir='ltr'>vero</span> <span class='ocrx_word' id='word_1_31' title='bbox 961 891 1107 958; x_wconf 86' lang='lat' dir='ltr'>villarum</span> <span class='ocrx_word' id='word_1_32' title='bbox 1127 890 1279 960; x_wconf 85' lang='lat' dir='ltr'>Dnmbize</span> <span class='ocrx_word' id='word_1_33' title='bbox 1298 898 1333 960; x_wconf 90' lang='lat' dir='ltr'>et</span> <span class='ocrx_word' id='word_1_34' title='bbox 1352 889 1557 958; x_wconf 88' lang='lat' dir='ltr'>ldotbolovici</span> <span class='ocrx_word' id='word_1_35' title='bbox 1577 887 1679 956; x_wconf 90' lang='lat' dir='ltr'>eidem</span> <span class='ocrx_word' id='word_1_36' title='bbox 1701 888 1784 958; x_wconf 78' lang='lat' dir='ltr'>laem</span> <span class='ocrx_word' id='word_1_37' title='bbox 1812 891 2018 974; x_wconf 77' lang='lat' dir='ltr'>adiacentium</span> 
     </span>
     <span class='ocr_line' id='line_1_5' title="bbox 470 989 1947 1103; baseline -0.006 -37"><span class='ocrx_word' id='word_1_38' title='bbox 470 996 641 1079; x_wconf 78' lang='lat' dir='ltr'>interdicit,</span> <span class='ocrx_word' id='word_1_39' title='bbox 662 1013 704 1062; x_wconf 87' lang='lat' dir='ltr'>nc</span> <span class='ocrx_word' id='word_1_40' title='bbox 724 994 862 1079; x_wconf 80' lang='lat' dir='ltr'>aliquem</span> <span class='ocrx_word' id='word_1_41' title='bbox 880 991 1019 1060; x_wconf 77' lang='lat' dir='ltr'>fructum</span> <span class='ocrx_word' id='word_1_42' title='bbox 1040 994 1074 1060; x_wconf 94' lang='lat' dir='ltr'>in</span> <span class='ocrx_word' id='word_1_43' title='bbox 1096 994 1168 1062; x_wconf 81' lang='lat' dir='ltr'>bon</span> <span class='ocrx_word' id='word_1_44' title='bbox 1188 994 1350 1079; x_wconf 85' lang='lat' dir='ltr'>praedicto</span> <span class='ocrx_word' id='word_1_45' title='bbox 1371 993 1526 1060; x_wconf 88' lang='lat' dir='ltr'>violenter</span> <span class='ocrx_word' id='word_1_46' title='bbox 1545 990 1607 1057; x_wconf 90' lang='lat' dir='ltr'>sibi</span> <span class='ocrx_word' id='word_1_47' title='bbox 1628 989 1786 1060; x_wconf 72' lang='lat' dir='ltr'>addicant.</span> <span class='ocrx_word' id='word_1_48' title='bbox 1940 1057 1947 1103; x_wconf 44' lang='lat'><em>7</em></span> 
     </span>
     <span class='ocr_line' id='line_1_6' title="bbox 568 1095 2080 1186; baseline -0.001 -22"><span class='ocrx_word' id='word_1_49' title='bbox 568 1101 764 1179; x_wconf 61' lang='lat' dir='ltr'>eructem.</span> <span class='ocrx_word' id='word_1_50' title='bbox 810 1098 975 1161; x_wconf 69' lang='lat' dir='ltr'>Mnemon.</span> <span class='ocrx_word' id='word_1_51' title='bbox 1023 1099 1092 1160; x_wconf 78' lang='lat' dir='ltr'>t&#39;od</span> <span class='ocrx_word' id='word_1_52' title='bbox 1118 1101 1299 1178; x_wconf 79' lang='lat' dir='ltr'>diplomotic</span> <span class='ocrx_word' id='word_1_53' title='bbox 1325 1097 1428 1160; x_wconf 76' lang='lat' dir='ltr'>Polou</span> <span class='ocrx_word' id='word_1_54' title='bbox 1459 1097 1488 1161; x_wconf 85' lang='lat'>1.</span> <span class='ocrx_word' id='word_1_55' title='bbox 1518 1095 1574 1160; x_wconf 79' lang='lat' dir='ltr'>Nr.</span> <span class='ocrx_word' id='word_1_56' title='bbox 1597 1095 1652 1160; x_wconf 72' lang='lat'>34.</span> <span class='ocrx_word' id='word_1_57' title='bbox 1681 1097 1724 1171; x_wconf 81' lang='grc' dir='ltr'>(Ζ</span> <span class='ocrx_word' id='word_1_58' title='bbox 1738 1114 1876 1175; x_wconf 79' lang='lat' dir='ltr'>perpom</span> <span class='ocrx_word' id='word_1_59' title='bbox 1905 1110 2018 1186; x_wconf 61' lang='lat' dir='ltr'>orum</span> <span class='ocrx_word' id='word_1_60' title='bbox 2078 1119 2080 1124; x_wconf 76' lang='grc'><strong>’</strong></span> 
     </span>
    </p>
   </div>
   <div class='ocr_carea' id='block_1_3' title="bbox 469 1199 2021 1392">
    <p class='ocr_par' dir='ltr' id='par_1_3' title="bbox 469 1199 2021 1392">
     <span class='ocr_line' id='line_1_7' title="bbox 471 1199 2021 1292; baseline 0.011 -25"><span class='ocrx_word' id='word_1_61' title='bbox 471 1222 494 1268; x_wconf 75' lang='lat' dir='ltr'>o</span> <span class='ocrx_word' id='word_1_62' title='bbox 512 1199 637 1280; x_wconf 62' lang='grc' dir='ltr'>κόπῳ</span> <span class='ocrx_word' id='word_1_63' title='bbox 657 1200 790 1263; x_wconf 68' lang='lat' dir='ltr'>mee</span> <span class='ocrx_word' id='word_1_64' title='bbox 801 1199 967 1277; x_wconf 56' lang='lat' dir='ltr'>joccamo</span> <span class='ocrx_word' id='word_1_65' title='bbox 986 1201 1027 1262; x_wconf 78' lang='lat' dir='ltr'>oc</span> <span class='ocrx_word' id='word_1_66' title='bbox 1042 1205 1219 1280; x_wconf 63' lang='lat' dir='ltr'>mmm.</span> <span class='ocrx_word' id='word_1_67' title='bbox 1240 1202 1374 1284; x_wconf 62' lang='lat' dir='ltr'>premes</span> <span class='ocrx_word' id='word_1_68' title='bbox 1394 1202 1543 1278; x_wconf 71' lang='lat' dir='ltr'>pozano.</span> <span class='ocrx_word' id='word_1_69' title='bbox 1577 1199 1737 1278; x_wconf 63' lang='lat' dir='ltr'>opusne</span> <span class='ocrx_word' id='word_1_70' title='bbox 1757 1205 1818 1279; x_wconf 70' lang='lat' dir='ltr'>rm,</span> <span class='ocrx_word' id='word_1_71' title='bbox 1837 1204 2021 1292; x_wconf 68' lang='lat' dir='ltr'>modove</span> 
     </span>
     <span class='ocr_line' id='line_1_8' title="bbox 469 1297 1387 1392; baseline 0.001 -25"><span class='ocrx_word' id='word_1_72' title='bbox 469 1308 514 1392; x_wconf 64' lang='lat' dir='ltr'>sq</span> <span class='ocrx_word' id='word_1_73' title='bbox 535 1301 662 1384; x_wconf 54' lang='lat' dir='ltr'>norom</span> <span class='ocrx_word' id='word_1_74' title='bbox 681 1321 709 1364; x_wconf 68' lang='lat' dir='ltr'><em>n</em></span> <span class='ocrx_word' id='word_1_75' title='bbox 730 1303 821 1366; x_wconf 72' lang='lat' dir='ltr'>Arcu</span> <span class='ocrx_word' id='word_1_76' title='bbox 844 1297 1021 1386; x_wconf 61' lang='lat' dir='ltr'>apamea</span> <span class='ocrx_word' id='word_1_77' title='bbox 1040 1299 1215 1367; x_wconf 68' lang='lat' dir='ltr'>pomos.</span> <span class='ocrx_word' id='word_1_78' title='bbox 1236 1300 1387 1388; x_wconf 62' lang='lat' dir='ltr'>muco</span> 
     </span>
    </p>
   </div>
   <div class='ocr_carea' id='block_1_4' title="bbox 417 1500 2160 4559">
    <p class='ocr_par' dir='ltr' id='par_1_4' title="bbox 417 1500 2160 4559">
     <span class='ocr_line' id='line_1_9' title="bbox 572 1500 2020 1588; baseline -0.006 -15"><span class='ocrx_word' id='word_1_79' title='bbox 572 1503 611 1574; x_wconf 92' lang='lat' dir='ltr'>ln</span> <span class='ocrx_word' id='word_1_80' title='bbox 631 1503 757 1572; x_wconf 88' lang='lat' dir='ltr'>nomina</span> <span class='ocrx_word' id='word_1_81' title='bbox 776 1501 902 1570; x_wconf 85' lang='lat' dir='ltr'>Domini</span> <span class='ocrx_word' id='word_1_82' title='bbox 924 1521 1026 1571; x_wconf 87' lang='lat' dir='ltr'>amem</span> <span class='ocrx_word' id='word_1_83' title='bbox 1070 1502 1155 1572; x_wconf 87' lang='lat' dir='ltr'>Dum</span> <span class='ocrx_word' id='word_1_84' title='bbox 1174 1504 1254 1571; x_wconf 90' lang='lat' dir='ltr'>vivit</span> <span class='ocrx_word' id='word_1_85' title='bbox 1271 1503 1381 1571; x_wconf 87' lang='lat' dir='ltr'>littera</span> <span class='ocrx_word' id='word_1_86' title='bbox 1400 1502 1479 1569; x_wconf 90' lang='lat' dir='ltr'>vivit</span> <span class='ocrx_word' id='word_1_87' title='bbox 1496 1506 1531 1568; x_wconf 90' lang='lat' dir='ltr'>et</span> <span class='ocrx_word' id='word_1_88' title='bbox 1551 1501 1636 1569; x_wconf 82' lang='lat' dir='ltr'>actio</span> <span class='ocrx_word' id='word_1_89' title='bbox 1651 1501 1818 1569; x_wconf 78' lang='lat' dir='ltr'>commissa</span> <span class='ocrx_word' id='word_1_90' title='bbox 1830 1500 1947 1588; x_wconf 79' lang='lat' dir='ltr'>littere,</span> <span class='ocrx_word' id='word_1_91' title='bbox 1969 1526 2020 1578; x_wconf 68' lang='lat' dir='ltr'>eq.</span> 
     </span>
     <span class='ocr_line' id='line_1_10' title="bbox 470 1601 2021 1690; baseline 0 -12"><span class='ocrx_word' id='word_1_92' title='bbox 470 1609 521 1678; x_wconf 87' lang='lat' dir='ltr'>ins</span> <span class='ocrx_word' id='word_1_93' title='bbox 541 1606 676 1677; x_wconf 74' lang='lat' dir='ltr'>essertio</span> <span class='ocrx_word' id='word_1_94' title='bbox 697 1605 800 1673; x_wconf 88' lang='lat' dir='ltr'>nutrit</span> <span class='ocrx_word' id='word_1_95' title='bbox 821 1606 1005 1673; x_wconf 85' lang='lat' dir='ltr'>memoriam</span> <span class='ocrx_word' id='word_1_96' title='bbox 1022 1612 1056 1674; x_wconf 90' lang='lat' dir='ltr'>et</span> <span class='ocrx_word' id='word_1_97' title='bbox 1077 1605 1227 1674; x_wconf 83' lang='lat' dir='ltr'>roborate</span> <span class='ocrx_word' id='word_1_98' title='bbox 1247 1606 1382 1690; x_wconf 83' lang='lat' dir='ltr'>suscipit</span> <span class='ocrx_word' id='word_1_99' title='bbox 1403 1605 1642 1672; x_wconf 86' lang='lat' dir='ltr'>incrementum</span> <span class='ocrx_word' id='word_1_100' title='bbox 1674 1601 1720 1670; x_wconf 85' lang='lat' dir='ltr'>Et</span> <span class='ocrx_word' id='word_1_101' title='bbox 1740 1604 1817 1688; x_wconf 86' lang='lat' dir='ltr'>quin</span> <span class='ocrx_word' id='word_1_102' title='bbox 1834 1602 1920 1673; x_wconf 83' lang='lat' dir='ltr'>lacte</span> <span class='ocrx_word' id='word_1_103' title='bbox 1940 1626 2021 1679; x_wconf 90' lang='lat' dir='ltr'>mor·</span> 
     </span>
     <span class='ocr_line' id='line_1_11' title="bbox 471 1707 2021 1794; baseline 0 -13"><span class='ocrx_word' id='word_1_104' title='bbox 471 1709 585 1781; x_wconf 78' lang='lat' dir='ltr'>talium</span> <span class='ocrx_word' id='word_1_105' title='bbox 605 1709 778 1778; x_wconf 71' lang='lat' dir='ltr'>laudabilia</span> <span class='ocrx_word' id='word_1_106' title='bbox 799 1707 981 1793; x_wconf 79' lang='lat' dir='ltr'>frequenter</span> <span class='ocrx_word' id='word_1_107' title='bbox 1001 1707 1167 1776; x_wconf 83' lang='lat' dir='ltr'>oblivionis</span> <span class='ocrx_word' id='word_1_108' title='bbox 1188 1709 1322 1776; x_wconf 87' lang='lat' dir='ltr'>interitu</span> <span class='ocrx_word' id='word_1_109' title='bbox 1343 1707 1385 1776; x_wconf 86' lang='lat' dir='ltr'>nb</span> <span class='ocrx_word' id='word_1_110' title='bbox 1403 1707 1565 1774; x_wconf 90' lang='lat' dir='ltr'>bominum</span> <span class='ocrx_word' id='word_1_111' title='bbox 1587 1707 1738 1773; x_wconf 87' lang='lat' dir='ltr'>memoria</span> <span class='ocrx_word' id='word_1_112' title='bbox 1751 1707 1968 1794; x_wconf 81' lang='lat' dir='ltr'>seiunguntur‚</span> <span class='ocrx_word' id='word_1_113' title='bbox 1982 1714 2021 1782; x_wconf 94' lang='lat' dir='ltr'>ob</span> 
     </span>
     <span class='ocr_line' id='line_1_12' title="bbox 470 1807 2021 1900; baseline 0 -17"><span class='ocrx_word' id='word_1_114' title='bbox 470 1813 530 1883; x_wconf 82' lang='lat' dir='ltr'>boc</span> <span class='ocrx_word' id='word_1_115' title='bbox 550 1812 682 1900; x_wconf 79' lang='lat' dir='ltr'>provide</span> <span class='ocrx_word' id='word_1_116' title='bbox 701 1819 736 1879; x_wconf 90' lang='lat' dir='ltr'>et</span> <span class='ocrx_word' id='word_1_117' title='bbox 755 1809 956 1880; x_wconf 89' lang='lat' dir='ltr'>racionnbilis</span> <span class='ocrx_word' id='word_1_118' title='bbox 978 1811 1157 1895; x_wconf 85' lang='lat' dir='ltr'>sapientum</span> <span class='ocrx_word' id='word_1_119' title='bbox 1170 1810 1311 1878; x_wconf 87' lang='lat' dir='ltr'>decrevit</span> <span class='ocrx_word' id='word_1_120' title='bbox 1333 1810 1517 1892; x_wconf 83' lang='lat' dir='ltr'>auctoritas,</span> <span class='ocrx_word' id='word_1_121' title='bbox 1538 1814 1577 1875; x_wconf 91' lang='lat' dir='ltr'>ut</span> <span class='ocrx_word' id='word_1_122' title='bbox 1594 1807 1744 1893; x_wconf 89' lang='lat' dir='ltr'>quicquid</span> <span class='ocrx_word' id='word_1_123' title='bbox 1773 1815 1854 1894; x_wconf 86' lang='lat' dir='ltr'>aput</span> <span class='ocrx_word' id='word_1_124' title='bbox 1881 1809 2021 1883; x_wconf 87' lang='lat' dir='ltr'>bomincs</span> 
     </span>
     <span class='ocr_line' id='line_1_13' title="bbox 469 1910 2021 2002; baseline -0.003 -18"><span class='ocrx_word' id='word_1_125' title='bbox 469 1915 576 2002; x_wconf 83' lang='lat' dir='ltr'>ngltnr</span> <span class='ocrx_word' id='word_1_126' title='bbox 593 1914 723 2000; x_wconf 88' lang='lat' dir='ltr'>dignum</span> <span class='ocrx_word' id='word_1_127' title='bbox 740 1913 860 1981; x_wconf 83' lang='lat' dir='ltr'>noticia</span> <span class='ocrx_word' id='word_1_128' title='bbox 880 1912 946 1980; x_wconf 89' lang='lat' dir='ltr'>sive</span> <span class='ocrx_word' id='word_1_129' title='bbox 967 1912 1070 1996; x_wconf 85' lang='lat' dir='ltr'>leude,</span> <span class='ocrx_word' id='word_1_130' title='bbox 1089 1913 1122 1981; x_wconf 91' lang='lat' dir='ltr'>id</span> <span class='ocrx_word' id='word_1_131' title='bbox 1142 1914 1247 2000; x_wconf 87' lang='lat' dir='ltr'>ipsum</span> <span class='ocrx_word' id='word_1_132' title='bbox 1264 1912 1380 1981; x_wconf 88' lang='lat' dir='ltr'>debeat</span> <span class='ocrx_word' id='word_1_133' title='bbox 1399 1912 1632 1980; x_wconf 87' lang='lat' dir='ltr'>autenticarum</span> <span class='ocrx_word' id='word_1_134' title='bbox 1653 1910 1736 1979; x_wconf 88' lang='lat' dir='ltr'>serie</span> <span class='ocrx_word' id='word_1_135' title='bbox 1757 1910 1938 1980; x_wconf 86' lang='lat' dir='ltr'>litterarum</span> <span class='ocrx_word' id='word_1_136' title='bbox 1967 1934 2021 2000; x_wconf 88' lang='lat' dir='ltr'>po-</span> 
     </span>
     <span class='ocr_line' id='line_1_14' title="bbox 471 2012 2160 2098; baseline 0.001 -13"><span class='ocrx_word' id='word_1_137' title='bbox 471 2021 629 2085; x_wconf 85' lang='lat' dir='ltr'>sterorum</span> <span class='ocrx_word' id='word_1_138' title='bbox 649 2016 799 2083; x_wconf 88' lang='lat' dir='ltr'>memoria</span> <span class='ocrx_word' id='word_1_139' title='bbox 820 2014 1041 2084; x_wconf 85' lang='lat' dir='ltr'>commendari</span> <span class='ocrx_word' id='word_1_140' title='bbox 1086 2014 1239 2096; x_wconf 77' lang='lat' dir='ltr'>Quocirca</span> <span class='ocrx_word' id='word_1_141' title='bbox 1258 2033 1318 2083; x_wconf 91' lang='lat' dir='ltr'>nos</span> <span class='ocrx_word' id='word_1_142' title='bbox 1337 2013 1471 2082; x_wconf 88' lang='lat' dir='ltr'>Premisl</span> <span class='ocrx_word' id='word_1_143' title='bbox 1491 2013 1552 2081; x_wconf 83' lang='lat' dir='ltr'>Dei</span> <span class='ocrx_word' id='word_1_144' title='bbox 1572 2014 1680 2098; x_wconf 81' lang='lat' dir='ltr'>gracie</span> <span class='ocrx_word' id='word_1_145' title='bbox 1699 2012 1765 2080; x_wconf 85' lang='lat' dir='ltr'>dux</span> <span class='ocrx_word' id='word_1_146' title='bbox 1784 2013 1915 2082; x_wconf 87' lang='lat' dir='ltr'>Polonic</span> <span class='ocrx_word' id='word_1_147' title='bbox 1943 2017 2022 2086; x_wconf 85' lang='lat' dir='ltr'>scire</span> <span class='ocrx_word' id='word_1_148' title='bbox 2158 2021 2160 2024; x_wconf 75' lang='grc'>’</span> 
     </span>
     <span class='ocr_line' id='line_1_15' title="bbox 470 2113 2021 2202; baseline 0.001 -16"><span class='ocrx_word' id='word_1_149' title='bbox 470 2117 581 2186; x_wconf 81' lang='lat' dir='ltr'>dumus</span> <span class='ocrx_word' id='word_1_150' title='bbox 602 2135 641 2187; x_wconf 87' lang='lat' dir='ltr'>ac</span> <span class='ocrx_word' id='word_1_151' title='bbox 660 2123 875 2202; x_wconf 80' lang='lat' dir='ltr'>pmtesmnur</span> <span class='ocrx_word' id='word_1_152' title='bbox 895 2113 1041 2184; x_wconf 91' lang='lat' dir='ltr'>omnibns</span> <span class='ocrx_word' id='word_1_153' title='bbox 1059 2122 1126 2184; x_wconf 70' lang='lat' dir='ltr'>mm</span> <span class='ocrx_word' id='word_1_154' title='bbox 1147 2117 1347 2202; x_wconf 80' lang='lat' dir='ltr'>presentibus</span> <span class='ocrx_word' id='word_1_155' title='bbox 1367 2134 1464 2202; x_wconf 90' lang='lat' dir='ltr'>qnam</span> <span class='ocrx_word' id='word_1_156' title='bbox 1481 2114 1600 2183; x_wconf 82' lang='lat' dir='ltr'>futuris</span> <span class='ocrx_word' id='word_1_157' title='bbox 1620 2120 1799 2200; x_wconf 88' lang='lat' dir='ltr'>presentem</span> <span class='ocrx_word' id='word_1_158' title='bbox 1812 2117 1962 2201; x_wconf 77' lang='lat' dir='ltr'>paginam</span> <span class='ocrx_word' id='word_1_159' title='bbox 1974 2119 2021 2188; x_wconf 92' lang='lat' dir='ltr'>in·</span> 
     </span>
     <span class='ocr_line' id='line_1_16' title="bbox 469 2217 2023 2306; baseline 0.001 -17"><span class='ocrx_word' id='word_1_160' title='bbox 469 2220 636 2306; x_wconf 68' lang='lat' dir='ltr'>spectum,</span> <span class='ocrx_word' id='word_1_161' title='bbox 657 2221 743 2306; x_wconf 94' lang='lat' dir='ltr'>quod</span> <span class='ocrx_word' id='word_1_162' title='bbox 764 2220 910 2288; x_wconf 88' lang='lat' dir='ltr'>dominus</span> <span class='ocrx_word' id='word_1_163' title='bbox 932 2217 1101 2304; x_wconf 81' lang='lat' dir='ltr'>Woyslans</span> <span class='ocrx_word' id='word_1_164' title='bbox 1118 2219 1217 2287; x_wconf 85' lang='lat' dir='ltr'>abbas</span> <span class='ocrx_word' id='word_1_165' title='bbox 1238 2218 1439 2286; x_wconf 81' lang='lat' dir='ltr'>bubiniensis</span> <span class='ocrx_word' id='word_1_166' title='bbox 1459 2217 1582 2286; x_wconf 88' lang='lat' dir='ltr'>cenobii</span> <span class='ocrx_word' id='word_1_167' title='bbox 1602 2235 1674 2287; x_wconf 91' lang='lat' dir='ltr'>cnm</span> <span class='ocrx_word' id='word_1_168' title='bbox 1695 2219 1853 2286; x_wconf 88' lang='lat' dir='ltr'>communi</span> <span class='ocrx_word' id='word_1_169' title='bbox 1871 2237 2023 2290; x_wconf 87' lang='lat' dir='ltr'>conscnm</span> 
     </span>
     <span class='ocr_line' id='line_1_17' title="bbox 470 2320 2023 2407; baseline 0.001 -15"><span class='ocrx_word' id='word_1_170' title='bbox 470 2321 606 2392; x_wconf 66' lang='lat' dir='ltr'>nanum</span> <span class='ocrx_word' id='word_1_171' title='bbox 626 2340 755 2391; x_wconf 92' lang='lat' dir='ltr'>snorum</span> <span class='ocrx_word' id='word_1_172' title='bbox 775 2321 815 2389; x_wconf 88' lang='lat' dir='ltr'>da</span> <span class='ocrx_word' id='word_1_173' title='bbox 835 2320 919 2390; x_wconf 64' lang='lat' dir='ltr'>mun</span> <span class='ocrx_word' id='word_1_174' title='bbox 939 2321 1103 2390; x_wconf 83' lang='lat' dir='ltr'>volnnteta</span> <span class='ocrx_word' id='word_1_175' title='bbox 1123 2340 1161 2390; x_wconf 89' lang='lat' dir='ltr'>ac</span> <span class='ocrx_word' id='word_1_176' title='bbox 1181 2321 1283 2389; x_wconf 85' lang='lat' dir='ltr'>libera</span> <span class='ocrx_word' id='word_1_177' title='bbox 1303 2321 1494 2402; x_wconf 86' lang='lat' dir='ltr'>condicione,</span> <span class='ocrx_word' id='word_1_178' title='bbox 1513 2320 1664 2407; x_wconf 86' lang='lat' dir='ltr'>qnnmdin</span> <span class='ocrx_word' id='word_1_179' title='bbox 1686 2320 1769 2390; x_wconf 89' lang='lat' dir='ltr'>ciat</span> <span class='ocrx_word' id='word_1_180' title='bbox 1788 2320 1940 2392; x_wconf 83' lang='lat' dir='ltr'>iratribus</span> <span class='ocrx_word' id='word_1_181' title='bbox 1957 2325 2023 2394; x_wconf 86' lang='lat' dir='ltr'>suis</span> 
     </span>
     <span class='ocr_line' id='line_1_18' title="bbox 469 2422 2024 2513; baseline 0 -19"><span class='ocrx_word' id='word_1_182' title='bbox 469 2424 636 2513; x_wconf 63' lang='lat' dir='ltr'>placneffi,</span> <span class='ocrx_word' id='word_1_183' title='bbox 656 2426 698 2494; x_wconf 89' lang='lat' dir='ltr'>ad</span> <span class='ocrx_word' id='word_1_184' title='bbox 716 2431 858 2493; x_wconf 89' lang='lat' dir='ltr'>nostram</span> <span class='ocrx_word' id='word_1_185' title='bbox 880 2424 1069 2492; x_wconf 88' lang='lat' dir='ltr'>instanciam</span> <span class='ocrx_word' id='word_1_186' title='bbox 1090 2425 1276 2493; x_wconf 82' lang='lat' dir='ltr'>knmernriis</span> <span class='ocrx_word' id='word_1_187' title='bbox 1295 2424 1413 2492; x_wconf 86' lang='lat' dir='ltr'>nostris</span> <span class='ocrx_word' id='word_1_188' title='bbox 1433 2422 1474 2492; x_wconf 92' lang='lat' dir='ltr'>de</span> <span class='ocrx_word' id='word_1_189' title='bbox 1493 2423 1657 2507; x_wconf 84' lang='lat' dir='ltr'>Dsmbize,</span> <span class='ocrx_word' id='word_1_190' title='bbox 1679 2424 1800 2494; x_wconf 89' lang='lat' dir='ltr'>scilicet</span> <span class='ocrx_word' id='word_1_191' title='bbox 1836 2423 1963 2493; x_wconf 77' lang='lat' dir='ltr'>Nmado</span> <span class='ocrx_word' id='word_1_192' title='bbox 1989 2432 2024 2495; x_wconf 90' lang='lat' dir='ltr'>et</span> 
     </span>
     <span class='ocr_line' id='line_1_19' title="bbox 470 2521 2023 2613; baseline -0.001 -16"><span class='ocrx_word' id='word_1_193' title='bbox 470 2528 632 2613; x_wconf 74' lang='lat' dir='ltr'>limonio,</span> <span class='ocrx_word' id='word_1_194' title='bbox 654 2529 810 2597; x_wconf 87' lang='lat' dir='ltr'>concessit</span> <span class='ocrx_word' id='word_1_195' title='bbox 828 2546 922 2596; x_wconf 91' lang='lat' dir='ltr'>usum</span> <span class='ocrx_word' id='word_1_196' title='bbox 942 2521 1088 2595; x_wconf 77' lang='lat' dir='ltr'>exercere</span> <span class='ocrx_word' id='word_1_197' title='bbox 1108 2527 1250 2611; x_wconf 89' lang='lat' dir='ltr'>piscandi</span> <span class='ocrx_word' id='word_1_198' title='bbox 1271 2546 1342 2596; x_wconf 91' lang='lat' dir='ltr'>cnm</span> <span class='ocrx_word' id='word_1_199' title='bbox 1363 2527 1425 2596; x_wconf 90' lang='lat' dir='ltr'>reti</span> <span class='ocrx_word' id='word_1_200' title='bbox 1445 2528 1578 2612; x_wconf 89' lang='lat' dir='ltr'>parvulo</span> <span class='ocrx_word' id='word_1_201' title='bbox 1600 2527 1685 2612; x_wconf 91' lang='lat' dir='ltr'>qnod</span> <span class='ocrx_word' id='word_1_202' title='bbox 1698 2528 1871 2612; x_wconf 79' lang='lat' dir='ltr'>vulgariter</span> <span class='ocrx_word' id='word_1_203' title='bbox 1888 2532 2023 2612; x_wconf 75' lang='lat' dir='ltr'>potrasb</span> 
     </span>
     <span class='ocr_line' id='line_1_20' title="bbox 470 2628 2022 2715; baseline -0.001 -16"><span class='ocrx_word' id='word_1_204' title='bbox 470 2630 564 2699; x_wconf 87' lang='lat' dir='ltr'>nicbn</span> <span class='ocrx_word' id='word_1_205' title='bbox 594 2631 794 2712; x_wconf 86' lang='lat' dir='ltr'>nominatnr;</span> <span class='ocrx_word' id='word_1_206' title='bbox 825 2648 890 2696; x_wconf 96' lang='lat' dir='ltr'>non</span> <span class='ocrx_word' id='word_1_207' title='bbox 918 2635 1081 2714; x_wconf 89' lang='lat' dir='ltr'>tamqnam</span> <span class='ocrx_word' id='word_1_208' title='bbox 1106 2633 1152 2698; x_wconf 90' lang='lat' dir='ltr'>cis</span> <span class='ocrx_word' id='word_1_209' title='bbox 1179 2631 1307 2715; x_wconf 86' lang='lat' dir='ltr'>aliquod</span> <span class='ocrx_word' id='word_1_210' title='bbox 1337 2631 1387 2698; x_wconf 91' lang='lat' dir='ltr'>ins</span> <span class='ocrx_word' id='word_1_211' title='bbox 1415 2630 1642 2700; x_wconf 82' lang='lat' dir='ltr'>bereditarium</span> <span class='ocrx_word' id='word_1_212' title='bbox 1667 2630 1713 2698; x_wconf 82' lang='lat' dir='ltr'>vbi</span> <span class='ocrx_word' id='word_1_213' title='bbox 1734 2629 1935 2712; x_wconf 82' lang='lat' dir='ltr'>habentibus,</span> <span class='ocrx_word' id='word_1_214' title='bbox 1967 2628 2022 2698; x_wconf 90' lang='lat' dir='ltr'>sed</span> 
     </span>
     <span class='ocr_line' id='line_1_21' title="bbox 471 2731 2022 2819; baseline -0.001 -19"><span class='ocrx_word' id='word_1_215' title='bbox 471 2732 621 2819; x_wconf 91' lang='lat' dir='ltr'>qnlcqnid</span> <span class='ocrx_word' id='word_1_216' title='bbox 641 2731 682 2799; x_wconf 88' lang='lat' dir='ltr'>da</span> <span class='ocrx_word' id='word_1_217' title='bbox 703 2732 811 2816; x_wconf 87' lang='lat' dir='ltr'>grncia</span> <span class='ocrx_word' id='word_1_218' title='bbox 830 2731 899 2799; x_wconf 84' lang='lat' dir='ltr'>fieri</span> <span class='ocrx_word' id='word_1_219' title='bbox 920 2737 1028 2816; x_wconf 91' lang='lat' dir='ltr'>potest</span> <span class='ocrx_word' id='word_1_220' title='bbox 1045 2751 1103 2817; x_wconf 83' lang='lat' dir='ltr'>pro</span> <span class='ocrx_word' id='word_1_221' title='bbox 1125 2740 1276 2818; x_wconf 86' lang='lat' dir='ltr'>tempore,</span> <span class='ocrx_word' id='word_1_222' title='bbox 1305 2740 1424 2802; x_wconf 90' lang='lat' dir='ltr'>etnon</span> <span class='ocrx_word' id='word_1_223' title='bbox 1445 2733 1587 2801; x_wconf 89' lang='lat' dir='ltr'>inomni</span> <span class='ocrx_word' id='word_1_224' title='bbox 1613 2732 1787 2818; x_wconf 81' lang='lat' dir='ltr'>superficie,</span> <span class='ocrx_word' id='word_1_225' title='bbox 1813 2732 1870 2801; x_wconf 90' lang='lat' dir='ltr'>sed</span> <span class='ocrx_word' id='word_1_226' title='bbox 1899 2736 2022 2800; x_wconf 81' lang='lat' dir='ltr'>uncum</span> 
     </span>
     <span class='ocr_line' id='line_1_22' title="bbox 469 2833 2024 2921; baseline 0.001 -20"><span class='ocrx_word' id='word_1_227' title='bbox 469 2833 921 2921; x_wconf 86' lang='lat' dir='ltr'>propelitnsinlnouillins</span> <span class='ocrx_word' id='word_1_228' title='bbox 942 2833 1233 2918; x_wconf 91' lang='lat' dir='ltr'>villcqnedicitur</span> <span class='ocrx_word' id='word_1_229' title='bbox 1253 2833 1652 2921; x_wconf 68' lang='lat' dir='ltr'>Mostemldqnaecicm</span> <span class='ocrx_word' id='word_1_230' title='bbox 1674 2833 2024 2903; x_wconf 88' lang='lat' dir='ltr'>cnnncodcmlncuct</span> 
     </span>
     <span class='ocr_line' id='line_1_23' title="bbox 470 2934 2024 3023; baseline 0.001 -19"><span class='ocrx_word' id='word_1_231' title='bbox 470 2934 615 3004; x_wconf 88' lang='lat' dir='ltr'>omnibus</span> <span class='ocrx_word' id='word_1_232' title='bbox 635 2935 829 3004; x_wconf 85' lang='lat' dir='ltr'>utilitatibus</span> <span class='ocrx_word' id='word_1_233' title='bbox 845 2936 891 3003; x_wconf 94' lang='lat' dir='ltr'>ibi</span> <span class='ocrx_word' id='word_1_234' title='bbox 911 2937 1167 3021; x_wconf 83' lang='lat' dir='ltr'>provenientibus</span> <span class='ocrx_word' id='word_1_235' title='bbox 1187 2937 1230 3005; x_wconf 87' lang='lat' dir='ltr'>ed</span> <span class='ocrx_word' id='word_1_236' title='bbox 1250 2937 1476 3006; x_wconf 84' lang='lat' dir='ltr'>monasterium</span> <span class='ocrx_word' id='word_1_237' title='bbox 1506 2936 1724 3022; x_wconf 77' lang='lat' dir='ltr'>supradictum</span> <span class='ocrx_word' id='word_1_238' title='bbox 1748 2937 1888 3023; x_wconf 76' lang='lat' dir='ltr'>pertinet</span> <span class='ocrx_word' id='word_1_239' title='bbox 1910 2956 1950 3005; x_wconf 82' lang='lat' dir='ltr'>ex</span> <span class='ocrx_word' id='word_1_240' title='bbox 1975 2938 2024 3006; x_wconf 93' lang='lat' dir='ltr'>in·</span> 
     </span>
     <span class='ocr_line' id='line_1_24' title="bbox 470 3037 2023 3126; baseline 0.001 -19"><span class='ocrx_word' id='word_1_241' title='bbox 470 3043 570 3125; x_wconf 87' lang='lat' dir='ltr'>tcgro.</span> <span class='ocrx_word' id='word_1_242' title='bbox 612 3037 746 3123; x_wconf 89' lang='lat' dir='ltr'>Insuper</span> <span class='ocrx_word' id='word_1_243' title='bbox 764 3058 823 3107; x_wconf 92' lang='lat' dir='ltr'>nos</span> <span class='ocrx_word' id='word_1_244' title='bbox 841 3044 1055 3124; x_wconf 87' lang='lat' dir='ltr'>protestnmnr</span> <span class='ocrx_word' id='word_1_245' title='bbox 1076 3046 1110 3107; x_wconf 91' lang='lat' dir='ltr'>et</span> <span class='ocrx_word' id='word_1_246' title='bbox 1130 3040 1286 3123; x_wconf 82' lang='lat' dir='ltr'>volumus,</span> <span class='ocrx_word' id='word_1_247' title='bbox 1307 3059 1349 3108; x_wconf 91' lang='lat' dir='ltr'>ne</span> <span class='ocrx_word' id='word_1_248' title='bbox 1369 3058 1439 3109; x_wconf 86' lang='lat' dir='ltr'>sors</span> <span class='ocrx_word' id='word_1_249' title='bbox 1459 3041 1517 3108; x_wconf 83' lang='lat' dir='ltr'>vlla</span> <span class='ocrx_word' id='word_1_250' title='bbox 1538 3057 1602 3126; x_wconf 92' lang='lat' dir='ltr'>que</span> <span class='ocrx_word' id='word_1_251' title='bbox 1622 3040 1801 3124; x_wconf 86' lang='lat' dir='ltr'>appellntnr</span> <span class='ocrx_word' id='word_1_252' title='bbox 1819 3038 2023 3108; x_wconf 82' lang='lat' dir='ltr'>liotbolevici</span> 
     </span>
     <span class='ocr_line' id='line_1_25' title="bbox 470 3140 2023 3228; baseline 0.001 -20"><span class='ocrx_word' id='word_1_253' title='bbox 470 3140 597 3228; x_wconf 83' lang='lat' dir='ltr'>penttns</span> <span class='ocrx_word' id='word_1_254' title='bbox 618 3141 653 3209; x_wconf 95' lang='lat' dir='ltr'>in</span> <span class='ocrx_word' id='word_1_255' title='bbox 673 3142 856 3226; x_wconf 84' lang='lat' dir='ltr'>supradicto</span> <span class='ocrx_word' id='word_1_256' title='bbox 873 3141 945 3210; x_wconf 88' lang='lat' dir='ltr'>lacn</span> <span class='ocrx_word' id='word_1_257' title='bbox 965 3143 1032 3210; x_wconf 92' lang='lat' dir='ltr'>ullo</span> <span class='ocrx_word' id='word_1_258' title='bbox 1050 3142 1120 3211; x_wconf 88' lang='lat' dir='ltr'>iure</span> <span class='ocrx_word' id='word_1_259' title='bbox 1138 3143 1189 3211; x_wconf 88' lang='lat' dir='ltr'>vel</span> <span class='ocrx_word' id='word_1_260' title='bbox 1210 3143 1351 3211; x_wconf 74' lang='lat' dir='ltr'>nullutn</span> <span class='ocrx_word' id='word_1_261' title='bbox 1371 3142 1509 3228; x_wconf 86' lang='lat' dir='ltr'>gundcnt</span> <span class='ocrx_word' id='word_1_262' title='bbox 1525 3148 1681 3211; x_wconf 79' lang='lat' dir='ltr'>assecuta</span> <span class='ocrx_word' id='word_1_263' title='bbox 1725 3142 1808 3212; x_wconf 88' lang='lat' dir='ltr'>Sanc</span> <span class='ocrx_word' id='word_1_264' title='bbox 1829 3143 1930 3211; x_wconf 84' lang='lat' dir='ltr'>eciam</span> <span class='ocrx_word' id='word_1_265' title='bbox 1951 3161 2023 3227; x_wconf 50' lang='lat' dir='ltr'>pre-⁴</span> 
     </span>
     <span class='ocr_line' id='line_1_26' title="bbox 470 3243 2024 3336; baseline -0.001 -24"><span class='ocrx_word' id='word_1_266' title='bbox 470 3243 604 3330; x_wconf 89' lang='lat' dir='ltr'>cipimus</span> <span class='ocrx_word' id='word_1_267' title='bbox 624 3249 658 3311; x_wconf 89' lang='lat' dir='ltr'>ct</span> <span class='ocrx_word' id='word_1_268' title='bbox 678 3245 873 3329; x_wconf 88' lang='lat' dir='ltr'>perpetimur</span> <span class='ocrx_word' id='word_1_269' title='bbox 900 3250 1007 3312; x_wconf 89' lang='lat' dir='ltr'>ratum</span> <span class='ocrx_word' id='word_1_270' title='bbox 1035 3245 1146 3326; x_wconf 73' lang='lat' dir='ltr'>tenen,</span> <span class='ocrx_word' id='word_1_271' title='bbox 1171 3244 1283 3312; x_wconf 87' lang='lat' dir='ltr'>stricte</span> <span class='ocrx_word' id='word_1_272' title='bbox 1310 3244 1495 3336; x_wconf 79' lang='lat' dir='ltr'>mnndnmns</span> <span class='ocrx_word' id='word_1_273' title='bbox 1520 3250 1630 3313; x_wconf 84' lang='lat' dir='ltr'>nostro</span> <span class='ocrx_word' id='word_1_274' title='bbox 1654 3246 1759 3330; x_wconf 87' lang='lat' dir='ltr'>gracia</span> <span class='ocrx_word' id='word_1_275' title='bbox 1781 3250 2024 3329; x_wconf 85' lang='lat' dir='ltr'>nostrorumque</span> 
     </span>
     <span class='ocr_line' id='line_1_27' title="bbox 470 3345 2023 3434; baseline 0 -21"><span class='ocrx_word' id='word_1_276' title='bbox 470 3362 685 3414; x_wconf 79' lang='lat' dir='ltr'>mcoessorum</span> <span class='ocrx_word' id='word_1_277' title='bbox 706 3346 766 3413; x_wconf 89' lang='lat' dir='ltr'>snb</span> <span class='ocrx_word' id='word_1_278' title='bbox 786 3346 929 3430; x_wconf 80' lang='lat' dir='ltr'>obtentu,</span> <span class='ocrx_word' id='word_1_279' title='bbox 951 3346 1158 3431; x_wconf 85' lang='lat' dir='ltr'>omnibusque</span> <span class='ocrx_word' id='word_1_280' title='bbox 1179 3347 1423 3431; x_wconf 84' lang='lat' dir='ltr'>circumquaque</span> <span class='ocrx_word' id='word_1_281' title='bbox 1443 3346 1636 3429; x_wconf 82' lang='lat' dir='ltr'>sedentibus,</span> <span class='ocrx_word' id='word_1_282' title='bbox 1657 3347 1807 3434; x_wconf 81' lang='lat' dir='ltr'>precipue</span> <span class='ocrx_word' id='word_1_283' title='bbox 1827 3363 1924 3431; x_wconf 91' lang='lat' dir='ltr'>snpra</span> <span class='ocrx_word' id='word_1_284' title='bbox 1944 3345 2023 3413; x_wconf 88' lang='lat' dir='ltr'>dicti</span> 
     </span>
     <span class='ocr_line' id='line_1_28' title="bbox 471 3447 2022 3535; baseline -0.001 -17"><span class='ocrx_word' id='word_1_285' title='bbox 471 3447 622 3518; x_wconf 82' lang='lat' dir='ltr'>Dnmbine</span> <span class='ocrx_word' id='word_1_286' title='bbox 642 3455 676 3518; x_wconf 88' lang='lat' dir='ltr'>at</span> <span class='ocrx_word' id='word_1_287' title='bbox 696 3448 900 3518; x_wconf 85' lang='lat' dir='ltr'>blotbolevici</span> <span class='ocrx_word' id='word_1_288' title='bbox 916 3451 1100 3518; x_wconf 83' lang='lat' dir='ltr'>atterminis</span> <span class='ocrx_word' id='word_1_289' title='bbox 1123 3449 1209 3516; x_wconf 88' lang='lat' dir='ltr'>illius</span> <span class='ocrx_word' id='word_1_290' title='bbox 1227 3448 1315 3516; x_wconf 86' lang='lat' dir='ltr'>lncns</span> <span class='ocrx_word' id='word_1_291' title='bbox 1336 3450 1392 3535; x_wconf 92' lang='lat' dir='ltr'>qni</span> <span class='ocrx_word' id='word_1_292' title='bbox 1411 3455 1544 3518; x_wconf 78' lang='lat' dir='ltr'>vocetur</span> <span class='ocrx_word' id='word_1_293' title='bbox 1571 3448 1748 3518; x_wconf 82' lang='lat' dir='ltr'>Gelennevo</span> <span class='ocrx_word' id='word_1_294' title='bbox 1773 3449 1935 3535; x_wconf 87' lang='lat' dir='ltr'>usquead</span> <span class='ocrx_word' id='word_1_295' title='bbox 1955 3467 2022 3517; x_wconf 73' lang='lat' dir='ltr'>me·</span> 
     </span>
     <span class='ocr_line' id='line_1_29' title="bbox 469 3551 2023 3638; baseline -0.002 -18"><span class='ocrx_word' id='word_1_296' title='bbox 469 3568 568 3636; x_wconf 90' lang='lat' dir='ltr'>gnum</span> <span class='ocrx_word' id='word_1_297' title='bbox 587 3551 693 3620; x_wconf 77' lang='lat' dir='ltr'>boum</span> <span class='ocrx_word' id='word_1_298' title='bbox 714 3558 748 3619; x_wconf 90' lang='lat' dir='ltr'>et</span> <span class='ocrx_word' id='word_1_299' title='bbox 767 3552 865 3619; x_wconf 82' lang='lat' dir='ltr'>adnm</span> <span class='ocrx_word' id='word_1_300' title='bbox 886 3551 926 3619; x_wconf 89' lang='lat' dir='ltr'>de</span> <span class='ocrx_word' id='word_1_301' title='bbox 948 3551 1089 3638; x_wconf 81' lang='lat' dir='ltr'>Cycbov:</span> <span class='ocrx_word' id='word_1_302' title='bbox 1112 3569 1153 3619; x_wconf 89' lang='lat' dir='ltr'>ne</span> <span class='ocrx_word' id='word_1_303' title='bbox 1174 3552 1332 3638; x_wconf 90' lang='lat' dir='ltr'>quispiam</span> <span class='ocrx_word' id='word_1_304' title='bbox 1351 3552 1385 3618; x_wconf 94' lang='lat' dir='ltr'>in</span> <span class='ocrx_word' id='word_1_305' title='bbox 1404 3551 1531 3620; x_wconf 83' lang='lat' dir='ltr'>cosdem</span> <span class='ocrx_word' id='word_1_306' title='bbox 1551 3553 1704 3620; x_wconf 88' lang='lat' dir='ltr'>terminos</span> <span class='ocrx_word' id='word_1_307' title='bbox 1731 3570 1828 3637; x_wconf 89' lang='lat' dir='ltr'>penes</span> <span class='ocrx_word' id='word_1_308' title='bbox 1853 3559 2023 3637; x_wconf 82' lang='lat' dir='ltr'>nuumqnc</span> 
     </span>
     <span class='ocr_line' id='line_1_30' title="bbox 469 3652 2023 3740; baseline -0.001 -18"><span class='ocrx_word' id='word_1_309' title='bbox 469 3652 558 3737; x_wconf 79' lang='lat' dir='ltr'>litus,</span> <span class='ocrx_word' id='word_1_310' title='bbox 579 3672 705 3722; x_wconf 90' lang='lat' dir='ltr'>sursum</span> <span class='ocrx_word' id='word_1_311' title='bbox 721 3655 788 3721; x_wconf 90' lang='lat' dir='ltr'>sive</span> <span class='ocrx_word' id='word_1_312' title='bbox 808 3654 964 3739; x_wconf 83' lang='lat' dir='ltr'>deorsum,</span> <span class='ocrx_word' id='word_1_313' title='bbox 984 3655 1091 3740; x_wconf 86' lang='lat' dir='ltr'>aliquo</span> <span class='ocrx_word' id='word_1_314' title='bbox 1112 3653 1218 3723; x_wconf 71' lang='lat' dir='ltr'>fromn</span> <span class='ocrx_word' id='word_1_315' title='bbox 1238 3654 1289 3722; x_wconf 89' lang='lat' dir='ltr'>vel</span> <span class='ocrx_word' id='word_1_316' title='bbox 1310 3655 1466 3737; x_wconf 90' lang='lat' dir='ltr'>quomodo</span> <span class='ocrx_word' id='word_1_317' title='bbox 1492 3655 1553 3722; x_wconf 91' lang='lat' dir='ltr'>sibi</span> <span class='ocrx_word' id='word_1_318' title='bbox 1578 3654 1791 3740; x_wconf 90' lang='lat' dir='ltr'>conquirendo</span> <span class='ocrx_word' id='word_1_319' title='bbox 1816 3674 1945 3722; x_wconf 90' lang='lat' dir='ltr'>manum</span> <span class='ocrx_word' id='word_1_320' title='bbox 1965 3672 2023 3721; x_wconf 82' lang='lat' dir='ltr'>su·</span> 
     </span>
     <span class='ocr_line' id='line_1_31' title="bbox 470 3754 2023 3843; baseline -0.001 -19"><span class='ocrx_word' id='word_1_321' title='bbox 470 3754 546 3824; x_wconf 88' lang='lat' dir='ltr'>dent</span> <span class='ocrx_word' id='word_1_322' title='bbox 565 3755 737 3824; x_wconf 88' lang='lat' dir='ltr'>immittere</span> <span class='ocrx_word' id='word_1_323' title='bbox 757 3755 937 3824; x_wconf 85' lang='lat' dir='ltr'>violentem.</span> <span class='ocrx_word' id='word_1_324' title='bbox 981 3757 1020 3825; x_wconf 92' lang='lat' dir='ltr'>ln</span> <span class='ocrx_word' id='word_1_325' title='bbox 1041 3758 1131 3825; x_wconf 90' lang='lat' dir='ltr'>onius</span> <span class='ocrx_word' id='word_1_326' title='bbox 1153 3759 1200 3826; x_wconf 87' lang='lat' dir='ltr'>rel</span> <span class='ocrx_word' id='word_1_327' title='bbox 1218 3757 1444 3840; x_wconf 82' lang='lat' dir='ltr'>testimoninm,</span> <span class='ocrx_word' id='word_1_328' title='bbox 1467 3776 1509 3826; x_wconf 86' lang='lat' dir='ltr'>nc</span> <span class='ocrx_word' id='word_1_329' title='bbox 1529 3757 1645 3843; x_wconf 85' lang='lat' dir='ltr'>aliquis</span> <span class='ocrx_word' id='word_1_330' title='bbox 1666 3764 1733 3826; x_wconf 86' lang='lat' dir='ltr'>tam</span> <span class='ocrx_word' id='word_1_331' title='bbox 1747 3757 1901 3842; x_wconf 89' lang='lat' dir='ltr'>solempni</span> <span class='ocrx_word' id='word_1_332' title='bbox 1915 3761 2023 3823; x_wconf 88' lang='lat' dir='ltr'>nostre</span> 
     </span>
     <span class='ocr_line' id='line_1_32' title="bbox 470 3856 2023 3944; baseline 0.001 -18"><span class='ocrx_word' id='word_1_333' title='bbox 470 3858 693 3944; x_wconf 86' lang='lat' dir='ltr'>protestationi</span> <span class='ocrx_word' id='word_1_334' title='bbox 714 3857 870 3941; x_wconf 87' lang='lat' dir='ltr'>simvdqne</span> <span class='ocrx_word' id='word_1_335' title='bbox 890 3857 1120 3926; x_wconf 86' lang='lat' dir='ltr'>confirmationi</span> <span class='ocrx_word' id='word_1_336' title='bbox 1141 3875 1222 3925; x_wconf 89' lang='lat' dir='ltr'>ausu</span> <span class='ocrx_word' id='word_1_337' title='bbox 1243 3856 1413 3925; x_wconf 77' lang='lat' dir='ltr'>temerario</span> <span class='ocrx_word' id='word_1_338' title='bbox 1429 3857 1535 3926; x_wconf 84' lang='lat' dir='ltr'>valent</span> <span class='ocrx_word' id='word_1_339' title='bbox 1554 3860 1722 3942; x_wconf 79' lang='lat' dir='ltr'>contraire,</span> <span class='ocrx_word' id='word_1_340' title='bbox 1744 3865 1921 3944; x_wconf 87' lang='lat' dir='ltr'>presentem</span> <span class='ocrx_word' id='word_1_341' title='bbox 1936 3857 2023 3943; x_wconf 88' lang='lat' dir='ltr'>pagl-</span> 
     </span>
     <span class='ocr_line' id='line_1_33' title="bbox 470 3959 2022 4046; baseline 0 -17"><span class='ocrx_word' id='word_1_342' title='bbox 470 3977 545 4029; x_wconf 87' lang='lat' dir='ltr'>nam</span> <span class='ocrx_word' id='word_1_343' title='bbox 563 3959 659 4046; x_wconf 75' lang='lat' dir='ltr'>sigilli</span> <span class='ocrx_word' id='word_1_344' title='bbox 680 3959 783 4027; x_wconf 88' lang='lat' dir='ltr'>nostri</span> <span class='ocrx_word' id='word_1_345' title='bbox 804 3960 975 4027; x_wconf 87' lang='lat' dir='ltr'>munimine</span> <span class='ocrx_word' id='word_1_346' title='bbox 996 3960 1225 4029; x_wconf 83' lang='lat' dir='ltr'>confirmamus.</span> <span class='ocrx_word' id='word_1_347' title='bbox 1269 3961 1387 4027; x_wconf 77' lang='lat' dir='ltr'>Actum</span> <span class='ocrx_word' id='word_1_348' title='bbox 1408 3965 1443 4028; x_wconf 91' lang='lat' dir='ltr'>et</span> <span class='ocrx_word' id='word_1_349' title='bbox 1463 3960 1574 4030; x_wconf 89' lang='lat' dir='ltr'>datum</span> <span class='ocrx_word' id='word_1_350' title='bbox 1595 3962 1630 4029; x_wconf 93' lang='lat' dir='ltr'>in</span> <span class='ocrx_word' id='word_1_351' title='bbox 1643 3961 1756 4029; x_wconf 87' lang='lat' dir='ltr'>ldoder</span> <span class='ocrx_word' id='word_1_352' title='bbox 1776 3980 1860 4031; x_wconf 86' lang='lat' dir='ltr'>anno</span> <span class='ocrx_word' id='word_1_353' title='bbox 1874 3961 2022 4029; x_wconf 83' lang='lat' dir='ltr'>lucarna-</span> 
     </span>
     <span class='ocr_line' id='line_1_34' title="bbox 471 4060 2023 4148; baseline 0 -18"><span class='ocrx_word' id='word_1_354' title='bbox 471 4060 570 4130; x_wconf 80' lang='lat' dir='ltr'>tionis</span> <span class='ocrx_word' id='word_1_355' title='bbox 591 4060 718 4129; x_wconf 74' lang='lat' dir='ltr'>Domni</span> <span class='ocrx_word' id='word_1_356' title='bbox 739 4060 829 4129; x_wconf 77' lang='lat' dir='ltr'>lico</span> <span class='ocrx_word' id='word_1_357' title='bbox 851 4061 1089 4146; x_wconf 83' lang='lat' dir='ltr'>quadragesimo</span> <span class='ocrx_word' id='word_1_358' title='bbox 1119 4069 1219 4130; x_wconf 83' lang='lat' dir='ltr'>sento.</span> <span class='ocrx_word' id='word_1_359' title='bbox 1262 4060 1367 4129; x_wconf 85' lang='lat' dir='ltr'>liuius</span> <span class='ocrx_word' id='word_1_360' title='bbox 1393 4062 1440 4129; x_wconf 87' lang='lat' dir='ltr'>rei</span> <span class='ocrx_word' id='word_1_361' title='bbox 1466 4068 1565 4131; x_wconf 86' lang='lat' dir='ltr'>testes</span> <span class='ocrx_word' id='word_1_362' title='bbox 1589 4070 1680 4132; x_wconf 85' lang='lat' dir='ltr'>sunt:</span> <span class='ocrx_word' id='word_1_363' title='bbox 1709 4082 1814 4133; x_wconf 83' lang='lat' dir='ltr'>comes</span> <span class='ocrx_word' id='word_1_364' title='bbox 1838 4063 2023 4148; x_wconf 84' lang='lat' dir='ltr'>Bogumdns</span> 
     </span>
     <span class='ocr_line' id='line_1_35' title="bbox 470 4162 2023 4249; baseline 0.003 -19"><span class='ocrx_word' id='word_1_365' title='bbox 470 4162 630 4249; x_wconf 76' lang='lat' dir='ltr'>pnlntlm</span> <span class='ocrx_word' id='word_1_366' title='bbox 643 4164 876 4246; x_wconf 79' lang='lat' dir='ltr'>Poznaniensis,</span> <span class='ocrx_word' id='word_1_367' title='bbox 898 4162 1099 4233; x_wconf 84' lang='lat' dir='ltr'>Domnmdus</span> <span class='ocrx_word' id='word_1_368' title='bbox 1111 4165 1205 4232; x_wconf 84' lang='lat' dir='ltr'>iudex</span> <span class='ocrx_word' id='word_1_369' title='bbox 1219 4165 1306 4232; x_wconf 90' lang='lat' dir='ltr'>curie</span> <span class='ocrx_word' id='word_1_370' title='bbox 1319 4169 1438 4248; x_wconf 83' lang='lat' dir='ltr'>nostre,</span> <span class='ocrx_word' id='word_1_371' title='bbox 1459 4165 1646 4234; x_wconf 74' lang='lat' dir='ltr'>liebcslans</span> <span class='ocrx_word' id='word_1_372' title='bbox 1660 4168 1850 4235; x_wconf 87' lang='lat' dir='ltr'>castellanus</span> <span class='ocrx_word' id='word_1_373' title='bbox 1863 4166 1904 4234; x_wconf 92' lang='lat' dir='ltr'>de</span> <span class='ocrx_word' id='word_1_374' title='bbox 1919 4166 2023 4235; x_wconf 82' lang='lat' dir='ltr'>Obnn·</span> 
     </span>
     <span class='ocr_line' id='line_1_36' title="bbox 417 4265 2022 4353; baseline 0.001 -19"><span class='ocrx_word' id='word_1_375' title='bbox 417 4334 423 4344; x_wconf 80' lang='grc'>,</span> <span class='ocrx_word' id='word_1_376' title='bbox 470 4266 531 4349; x_wconf 85' lang='lat' dir='ltr'>ain,</span> <span class='ocrx_word' id='word_1_377' title='bbox 552 4265 746 4334; x_wconf 80' lang='lat' dir='ltr'>Pscbonlms</span> <span class='ocrx_word' id='word_1_378' title='bbox 767 4274 899 4335; x_wconf 77' lang='lat' dir='ltr'>venator</span> <span class='ocrx_word' id='word_1_379' title='bbox 918 4268 1004 4336; x_wconf 84' lang='lat' dir='ltr'>curie</span> <span class='ocrx_word' id='word_1_380' title='bbox 1021 4274 1139 4350; x_wconf 88' lang='lat' dir='ltr'>nostre,</span> <span class='ocrx_word' id='word_1_381' title='bbox 1160 4267 1319 4334; x_wconf 81' lang='lat' dir='ltr'>Iohannes</span> <span class='ocrx_word' id='word_1_382' title='bbox 1340 4267 1556 4336; x_wconf 84' lang='lat' dir='ltr'>canoellnrius</span> <span class='ocrx_word' id='word_1_383' title='bbox 1600 4269 1669 4353; x_wconf 70' lang='lat' dir='ltr'>ligo</span> <span class='ocrx_word' id='word_1_384' title='bbox 1695 4268 1831 4337; x_wconf 87' lang='lat' dir='ltr'>ldicbncl</span> <span class='ocrx_word' id='word_1_385' title='bbox 1851 4269 2022 4338; x_wconf 84' lang='lat' dir='ltr'>canonicus</span> 
     </span>
     <span class='ocr_line' id='line_1_37' title="bbox 471 4367 2022 4454; baseline 0.001 -16"><span class='ocrx_word' id='word_1_386' title='bbox 471 4367 600 4438; x_wconf 69' lang='lat' dir='ltr'>ecclcme</span> <span class='ocrx_word' id='word_1_387' title='bbox 620 4367 708 4437; x_wconf 91' lang='lat' dir='ltr'>beati</span> <span class='ocrx_word' id='word_1_388' title='bbox 728 4368 820 4437; x_wconf 87' lang='lat' dir='ltr'>Pauli</span> <span class='ocrx_word' id='word_1_389' title='bbox 840 4369 880 4437; x_wconf 91' lang='lat' dir='ltr'>dc</span> <span class='ocrx_word' id='word_1_390' title='bbox 898 4369 990 4438; x_wconf 86' lang='lat' dir='ltr'>Knlis</span> <span class='ocrx_word' id='word_1_391' title='bbox 1011 4376 1045 4438; x_wconf 91' lang='lat' dir='ltr'>et</span> <span class='ocrx_word' id='word_1_392' title='bbox 1065 4369 1150 4437; x_wconf 87' lang='lat' dir='ltr'>beati</span> <span class='ocrx_word' id='word_1_393' title='bbox 1171 4369 1299 4454; x_wconf 85' lang='lat' dir='ltr'>Georgii</span> <span class='ocrx_word' id='word_1_394' title='bbox 1320 4368 1360 4437; x_wconf 89' lang='lat' dir='ltr'>de</span> <span class='ocrx_word' id='word_1_395' title='bbox 1382 4377 1489 4438; x_wconf 86' lang='lat' dir='ltr'>castro</span> <span class='ocrx_word' id='word_1_396' title='bbox 1514 4370 1694 4439; x_wconf 83' lang='lat' dir='ltr'>Gncnnensi</span> <span class='ocrx_word' id='word_1_397' title='bbox 1714 4371 1777 4438; x_wconf 88' lang='lat' dir='ltr'>hiis</span> <span class='ocrx_word' id='word_1_398' title='bbox 1801 4371 1898 4440; x_wconf 77' lang='lat' dir='ltr'>etism</span> <span class='ocrx_word' id='word_1_399' title='bbox 1924 4371 2022 4440; x_wconf 87' lang='lat' dir='ltr'>inter·</span> 
     </span>
     <span class='ocr_line' id='line_1_38' title="bbox 470 4467 1921 4559; baseline 0.003 -21"><span class='ocrx_word' id='word_1_400' title='bbox 470 4467 528 4556; x_wconf 79' lang='lat' dir='ltr'>tul,</span> <span class='ocrx_word' id='word_1_401' title='bbox 546 4476 581 4538; x_wconf 89' lang='lat' dir='ltr'>et</span> <span class='ocrx_word' id='word_1_402' title='bbox 596 4471 639 4539; x_wconf 87' lang='lat' dir='ltr'>ad</span> <span class='ocrx_word' id='word_1_403' title='bbox 658 4471 845 4540; x_wconf 88' lang='lat' dir='ltr'>mandatnm</span> <span class='ocrx_word' id='word_1_404' title='bbox 862 4472 997 4559; x_wconf 81' lang='lat' dir='ltr'>predicti</span> <span class='ocrx_word' id='word_1_405' title='bbox 1015 4472 1104 4540; x_wconf 91' lang='lat' dir='ltr'>ducis</span> <span class='ocrx_word' id='word_1_406' title='bbox 1125 4471 1190 4541; x_wconf 79' lang='lat' dir='ltr'>iste</span> <span class='ocrx_word' id='word_1_407' title='bbox 1210 4471 1381 4557; x_wconf 91' lang='lat' dir='ltr'>conscripsi</span> <span class='ocrx_word' id='word_1_408' title='bbox 1402 4472 1436 4539; x_wconf 90' lang='lat' dir='ltr'>in</span> <span class='ocrx_word' id='word_1_409' title='bbox 1456 4473 1509 4542; x_wconf 89' lang='lat' dir='ltr'>din</span> <span class='ocrx_word' id='word_1_410' title='bbox 1527 4472 1615 4542; x_wconf 82' lang='lat' dir='ltr'>beati</span> <span class='ocrx_word' id='word_1_411' title='bbox 1633 4474 1754 4557; x_wconf 50' lang='lat' dir='ltr'>,lbomo</span> <span class='ocrx_word' id='word_1_412' title='bbox 1773 4473 1921 4559; x_wconf 87' lang='lat' dir='ltr'>apostoli.</span> 
     </span>
    </p>
   </div>
   <div class='ocr_carea' id='block_1_5' title="bbox 417 1427 441 1476">
    <p class='ocr_par' dir='ltr' id='par_1_5' title="bbox 417 1427 441 1476">
     <span class='ocr_line' id='line_1_39' title="bbox 417 1427 441 1476; baseline 0 0"><span class='ocrx_word' id='word_1_413' title='bbox 417 1427 441 1476; x_wconf 61' lang='grc'><strong>9</strong></span> 
     </span>
    </p>
   </div>
   <div class='ocr_carea' id='block_1_6' title="bbox 471 4671 2023 4870">
    <p class='ocr_par' dir='ltr' id='par_1_6' title="bbox 471 4671 2023 4870">
     <span class='ocr_line' id='line_1_40' title="bbox 573 4671 2023 4762; baseline 0.001 -19"><span class='ocrx_word' id='word_1_414' title='bbox 573 4671 734 4760; x_wconf 76' lang='lat' dir='ltr'>Dnmbizc,</span> <span class='ocrx_word' id='word_1_415' title='bbox 763 4674 975 4760; x_wconf 83' lang='lat' dir='ltr'>bdotbolevici‚</span> <span class='ocrx_word' id='word_1_416' title='bbox 1007 4680 1101 4758; x_wconf 75' lang='lat' dir='ltr'>orodp</span> <span class='ocrx_word' id='word_1_417' title='bbox 1120 4679 1235 4745; x_wconf 73' lang='lat' dir='ltr'>muse.</span> <span class='ocrx_word' id='word_1_418' title='bbox 1278 4674 1469 4761; x_wconf 72' lang='lat' dir='ltr'>Mostensici</span> <span class='ocrx_word' id='word_1_419' title='bbox 1500 4680 1670 4746; x_wconf 58' lang='lat' dir='ltr'>nucina</span> <span class='ocrx_word' id='word_1_420' title='bbox 1713 4677 1899 4762; x_wconf 74' lang='lat' dir='ltr'>ddmnmo,</span> <span class='ocrx_word' id='word_1_421' title='bbox 1920 4682 2023 4745; x_wconf 68' lang='lat' dir='ltr'>leun·</span> 
     </span>
     <span class='ocr_line' id='line_1_41' title="bbox 471 4776 1591 4870; baseline 0.002 -23"><span class='ocrx_word' id='word_1_422' title='bbox 471 4795 576 4847; x_wconf 74' lang='lat' dir='ltr'>cem.</span> <span class='ocrx_word' id='word_1_423' title='bbox 620 4776 757 4864; x_wconf 75' lang='lat' dir='ltr'>(lychos,</span> <span class='ocrx_word' id='word_1_424' title='bbox 784 4783 923 4848; x_wconf 61' lang='lat' dir='ltr'>mione</span> <span class='ocrx_word' id='word_1_425' title='bbox 967 4779 1088 4864; x_wconf 73' lang='lat' dir='ltr'>bloden</span> <span class='ocrx_word' id='word_1_426' title='bbox 1113 4784 1245 4848; x_wconf 65' lang='lat' dir='ltr'>Monte</span> <span class='ocrx_word' id='word_1_427' title='bbox 1291 4777 1419 4866; x_wconf 78' lang='lat' dir='ltr'>choslo,</span> <span class='ocrx_word' id='word_1_428' title='bbox 1442 4783 1591 4870; x_wconf 72' lang='lat' dir='ltr'>quszpd</span> 
     </span>
    </p>
   </div>
   <div class='ocr_carea' id='block_1_7' title="bbox 0 0 2251 6224">
    <p class='ocr_par' dir='ltr' id='par_1_7' title="bbox 0 0 2251 6224">
     <span class='ocr_line' id='line_1_42' title="bbox 0 0 2251 6224; baseline 0 0"><span class='ocrx_word' id='word_1_429' title='bbox 0 0 2251 6224; x_wconf 95' lang='lat' dir='ltr'> </span> 
     </span>
    </p>
   </div>
  </div>
 </body>
</html>
