4574 6240
1961 217 2034 290 201

491 423 616 494 retium
635 420 773 489 thelonei
793 419 882 506 prius
902 419 980 489 dati.
1004 420 1162 489 Uniierm
1183 435 1245 502 quc
1266 438 1364 504 suprs
1379 419 1573 504 scripsimus,
1590 417 1674 484 bonu
1694 423 1729 486 et
1741 422 1917 502 spontanea
1930 417 2039 486 iciun-
2092 411 2093 415 ’

492 529 560 594 tate
579 523 746 592 annuimus
764 520 915 590 nobilium
936 528 1116 590 nostrorum
1139 539 1292 588 consensu
1314 528 1348 590 ct
1368 521 1499 589 consilio
1520 519 1687 602 mediante,
1712 519 1807 587 immo
1829 526 1863 588 et
1883 519 2040 605 predicto·

490 645 561 698 rum
582 624 718 694 fratrum
739 624 878 692 amicitia
899 624 1066 708 multiplici
1088 621 1307 708 persuadente
1330 623 1513 705 Quicunque
1533 628 1640 690 eutem
1660 621 1723 689 liiis
1744 623 1862 689 nostris
1882 623 2040 691 institutis

490 747 570 799 ausu
592 728 759 795 temerario
781 726 1007 811 presumpserit
1026 725 1153 793 obviare
1174 725 1347 809 sepedictus
1374 723 1490 792 lintres
1518 725 1551 791 iii
1572 725 1666 793 rebus
1682 724 1757 791 suis
1784 724 1835 790 nel
1860 724 2039 794 hominibus

490 829 685 912 offendendo,
705 829 1057 897 excommunicationem
1079 826 1170 894 Sedis
1191 827 1363 910 apostolice
1383 831 1417 892 et
1438 832 1579 894 nostrum
1600 825 1848 910 indignationem
1872 826 1963 894 nobis
1986 847 2039 895 er·

490 932 683 1003 bitrentibus
704 949 739 999 se
759 931 883 998 novmit
904 929 1082 997 incurrisse.
1118 928 1261 1012 Insuper,
1283 928 1311 994 si
1333 946 1428 1010 quam
1451 928 1621 996 undenis
1642 947 1717 1012 sepe
1737 929 1904 995 memorati
1924 926 2040 997 iratres

490 1036 525 1104 lii
545 1033 647 1101 dictos
665 1039 864 1100 conmmaces
885 1049 1031 1099 exercere
1051 1030 1192 1115 poterint
1213 1048 1269 1096 seu
1291 1029 1461 1110 voluerint,
1491 1029 1622 1099 liberam
1644 1031 1721 1116 ipsis
1742 1029 1886 1097 dabimus
1906 1029 2041 1100 audio

490 1143 566 1216 tem,
587 1151 712 1202 omnem
730 1152 823 1218 quein
843 1151 1010 1218 possumus
1028 1132 1106 1217 ipsis
1128 1149 1309 1199 succursum
1330 1137 1364 1198 et
1384 1133 1556 1207 estendam
1584 1133 1815 1217 promittentes.
1857 1131 1905 1201 Ut
1930 1138 2039 1202 eutem

475 1238 550 1310 lieu
570 1234 677 1304 omnis
696 1241 906 1319 supranotato
926 1234 1151 1319 prenominatis
1180 1232 1332 1301 iratribus
1359 1240 1430 1300 rata
1456 1239 1490 1302 et
1515 1234 1713 1303 iniariebilie
1739 1239 1891 1318 perpetuo
1914 1253 2040 1303 conser-
2120 1301 2121 1304 ,

489 1341 615 1420 rentur,
648 1343 825 1422 presentem
856 1335 1004 1421 peginam
1036 1336 1192 1420 presentis
1225 1336 1325 1402 nostri
1358 1334 1453 1418 sigilli
1482 1335 1655 1402 munimine
1686 1337 1857 1405 statuimus
1886 1335 2039 1406 roborari.

490 1440 607 1509 icum
637 1439 671 1505 in
696 1437 828 1506 Giieeue
858 1455 943 1505 anno
973 1437 1078 1520 gretie
1101 1434 1297 1502 iuccxuiii
1323 1435 1486 1503 undecimo
1511 1434 1673 1505 Kalendas
1701 1439 1835 1523 Aprilis,
1864 1438 2040 1510 Indictione

409 1598 413 1606 .
486 1542 607 1629 prima3
638 1539 836 1625 presentibus
861 1544 896 1607 et
919 1537 1186 1606 consentientibus
1217 1536 1373 1604 nobilibus
1403 1538 1480 1604 viris
1506 1555 1639 1622 quorum
1671 1538 1725 1608 bic
1752 1541 1881 1609 nonum
1912 1540 2041 1610 mbiuii·

490 1647 623 1731 guntur:
645 1643 824 1726 niseni,
845 1640 1002 1725 Bogumil,
1023 1640 1189 1708 comitibus
1203 1639 1366 1724 palatinim
1387 1638 1540 1706 Demerut
1552 1639 1765 1724 iudieecurie,
1781 1642 1916 1728 Oyeeret
1928 1644 2041 1712 custel-

470 1745 564 1828 ,lsno
584 1744 772 1826 (inermusi.
793 1743 933 1812 Iobsnue
961 1741 1027 1810 filio
1054 1741 1254 1826 mocgosii,
1279 1739 1468 1810 Godelinrilu
1489 1741 1590 1812 uuus
1610 1762 1682 1827 suo,
1711 1744 1807 1813 Petro
1836 1745 1902 1814 filio
1929 1746 2041 1816 Hoieii

484 1852 526 1918 et
545 1846 618 1917 eliis
638 1846 792 1915 militibus
812 1846 930 1915 menis
950 1845 1200 1932 quampluribus.
1658 1848 1662 1857 '

475 2015 479 2023 ’
594 2049 812 2135 weuram
841 2052 1035 2119 sima-ei
1056 2047 1181 2134 oiim
1208 2050 1310 2117 miii
1330 2070 1375 2116 ni
1396 2053 1539 2141 eqni
1560 2049 1714 2136 suein,
1736 2050 1885 2139 ιιῳηι.

1161 2345 1238 2437 Nr.
1269 2342 1370 2434 238.

595 2541 754 2628 Promisi
780 2543 858 2628 dux
874 2541 1026 2628 Polunlc
1042 2545 1175 2625 1248
1192 2540 1281 2626 ilai
1297 2547 1341 2642 4,
1361 2542 1404 2627 ln
1421 2542 1577 2628 sicimis
1599 2543 1802 2648 hospitnlis
1818 2543 2042 2648 intremui

491 2663 592 2734 uadit
612 2683 676 2731 uiis
696 2682 769 2732 eum
786 2661 887 2732 botre
907 2681 964 2730 suo
985 2661 1066 2731 duee
1086 2661 1233 2733 Roleslao
1254 2662 1411 2750 bospitels
1430 2664 1466 2731 iii
1486 2663 1639 2747 Gaiano,
1662 2664 1858 2749 amplissime
1878 2663 1969 2733 bonis
1985 2665 2043 2734 do·

491 2769 605 2847 uun
627 2765 687 2834 ius
706 2756 847 2852 rmum
866 2765 971 2834 meu
988 2764 1153 2850 sequium
1175 2766 1287 2834 somus
1306 2766 1556 2836 memorasti.

596 2867 736 2935 Pommt.
767 2871 887 2948 Romul.
911 2871 1018 2934 &ecte
1039 2873 1130 2934 Arca
1167 2873 1315 2937 saeuae.
1339 2874 1503 2956 qumikd,
1525 2873 1560 2936 B.
1584 2871 1607 2935 1
1611 2872 1643 2936 V.
1676 2867 1800 2950 (Kopiu
1819 2889 1846 2948 s
1860 2869 2043 2937 XVIII-se.

486 2973 704 3060 spuerem
724 2992 743 3036 τ
764 2974 929 3052 mesaia
949 2982 1154 3054 mauors
1173 2976 1352 3058 swercin)
1372 3006 1418 3020 -
1438 2974 1602 3048 Nemi
1624 2973 1803 3039 mecum.
1834 2985 1837 2992 ’
1906 3042 1909 3048 .

276 3262 282 3273 ,
458 3234 460 3238 .
593 3175 634 3244 In
652 3175 780 3244 nomine
800 3179 910 3243 macte
930 3179 965 3242 et
985 3173 1145 3242 individue
1164 3173 1331 3242 Trinitatis
1351 3192 1452 3243 emen.
1496 3174 1628 3243 cunctis
1648 3175 1751 3261 liquet
1770 3175 1958 3244 mortalibus
1977 3194 2044 3263 qua

274 3314 282 3329 ν
348 3356 350 3360 .
492 3276 691 3348 volubilitate
702 3282 879 3362 temporum
889 3276 1061 3360 isgteiitur,
1073 3275 1159 3361 quod
1172 3275 1259 3361 longi
1273 3282 1394 3344 tractus
1407 3278 1558 3362 temporis
1572 3278 1703 3361 puniunt
1710 3277 1944 3363 antiquitatem,
1959 3279 2044 3348 auti·

485 3379 601 3467 quites
614 3380 812 3461 obliuionem,
826 3379 943 3447 oblivio
957 3396 1032 3447 cero
1045 3397 1152 3446 rerum
1174 3384 1318 3447 acturum
1333 3379 1592 3461 esimnicionu3
1610 3398 1707 3465 quam
1720 3379 1840 3448 obrem
1852 3398 1980 3449 necmss
1992 3386 2044 3449 est

235 3521 239 3527 -
498 3489 538 3550 ut
561 3499 613 3552 res
638 3482 735 3566 digua
762 3481 912 3550 muorie
930 3481 1048 3564 scripto
1069 3479 1183 3548 debeat
1201 3479 1423 3564 commendari,
1444 3498 1508 3564 quo
1528 3498 1695 3549 canescens
1715 3483 1891 3566 inbonitas
1904 3481 2059 3551 melisius·

272 3614 280 3633 ·
420 3625 423 3630 ·
491 3583 771 3656 vdoetmucsari.
814 3579 1600 3667 EgoigiturPremileeigmciadusPoionie
1625 3582 2044 3653 mmlretremeomiaori

491 3684 639 3756 minuo
660 3690 787 3753 etcum
806 3683 924 3752 dilecta
945 3689 1048 3752 mauu
1068 3687 1179 3752 nostre
1206 3683 1332 3750 domine
1358 3682 1513 3768 Hsdnigs
1541 3689 1652 3752 notum
1672 3684 1806 3754 iacimus
1827 3692 1894 3756 tam
1916 3705 2044 3772 presen-

493 3785 579 3857 tibus
599 3805 696 3874 quem
716 3784 831 3853 futuris
851 3803 982 3871 presens
1002 3785 1156 3869 scriptum
1170 3785 1376 3866 intuentibus,
1396 3784 1483 3868 quod
1500 3784 1542 3852 ud
1555 3786 1705 3856 honorem
1718 3788 1789 3871 Dei,
1811 3789 1846 3856 in
1859 3789 2043 3858 maenum

492 3895 527 3958 et
546 3889 718 3959 remedium
739 3890 916 3958 animarum
942 3893 1133 3970 rosnarum,
1163 3886 1433 3956 consencientibus
1461 3887 1632 3956 venerabili
1659 3896 1752 3974 putre
1776 3896 1886 3958 nostm
1915 3891 2044 3960 domino

489 3992 632 4062 Falcone
650 3992 885 4078 archiepiscopo
907 3991 1086 4060 Gnesneusi
1107 3996 1142 4059 et
1159 4008 1217 4058 suo
1245 3989 1401 4074 capitulo,
1430 3989 1560 4057 musilio
1585 4008 1712 4075 quoque
1736 3992 1891 4062 bmoiium
1919 3999 2044 4063 ausbe-

492 4113 573 4178 rum,
594 4093 737 4163 dedimus
759 4094 915 4178 hospitale
934 4099 1078 4161 nostium
1100 4092 1286 4160 Gneznense
1306 4097 1417 4158 saneto
1436 4088 1601 4176 Sepulcro,
1623 4092 1683 4162 sub
1703 4095 1855 4178 regimine
1874 4101 1910 4163 et
1929 4096 2044 4181 guber-

491 4195 762 4266 macedonici
786 4196 916 4264 Hennei
946 4194 1099 4280 prepositi
1124 4193 1236 4261 domus
1263 4191 1491 4260 Mechoeiensis
1517 4212 1708 4280 suorumque
1733 4212 1947 4264 succesorem
1974 4198 2045 4266 iure

385 4287 389 4294 ’
487 4304 646 4385 perpetuo
667 4298 902 4384 possidendum:
932 4297 982 4364 cui
1007 4297 1070 4365 um
1091 4295 1196 4364 diebu
1222 4295 1400 4379 prepositus
1421 4315 1480 4380 per
1499 4298 1601 4365 nrum
1622 4298 1792 4368 honestum
1812 4304 1846 4367 et
1866 4299 2041 4385 providum.

491 4405 647 4470 rectorem
667 4400 867 4482 industrium,
887 4399 1046 4467 tenebitur
1066 4397 1240 4481 providere,
1262 4415 1303 4464 ne
1324 4397 1493 4466 elemosine
1512 4401 1655 4484 predicto
1676 4401 1827 4486 bospiuii
1854 4401 1969 4470 collate
1988 4421 2044 4472 ne-

491 4502 653 4588 gliguntur
672 4502 722 4569 iel
743 4501 900 4569 inutiliter
919 4500 1149 4584 dispensentur.
1194 4498 1229 4565 Si
1256 4515 1331 4567 nero
1360 4499 1451 4582 telis,
1478 4500 1564 4583 quod
1584 4502 1686 4587 absit,
1706 4504 1859 4588 magister
1875 4508 1970 4586 esset,
1988 4505 2045 4589 qni

458 4605 462 4611 ’
485 4621 550 4674 uec
570 4604 639 4672 Deo
660 4622 718 4671 uec
737 4602 846 4671 domui
866 4621 923 4671 sue
943 4602 1032 4670 utilis
1053 4601 1319 4686 comprobaretur,
1341 4600 1383 4668 ud
1397 4607 1538 4672 cosmam
1552 4606 1741 4688 peticionem
1761 4611 1796 4672 et
1808 4606 1928 4674 domiui
1941 4606 2044 4674 erebi·

491 4706 630 4792 episcopi
651 4725 708 4774 nee
729 4725 792 4773 non
813 4712 847 4773 et
868 4705 1009 4789 Capituli
1037 4705 1087 4772 sui
1113 4709 1310 4772 emovestur:
1343 4705 1371 4770 si
1398 4709 1504 4772 tummi
1530 4709 1680 4777 canonice
1708 4707 1869 4776 condebas
1893 4708 1991 4777 luerit
2011 4713 2046 4776 et

492 4805 724 4892 comprobatis,
746 4807 842 4874 etiam
863 4806 946 4876 alius
966 4807 1117 4889 magister
1138 4804 1269 4873 idoneus
1290 4824 1311 4873 a
1329 4808 1489 4891 preposito
1517 4810 1629 4878 dumus
1657 4829 1755 4895 supra
1782 4811 1943 4879 somniis
1971 4809 2046 4877 sub-

491 4908 656 4991 stituatur,
677 4909 732 4993 qui
753 4907 892 4978 intorem
917 4914 951 4976 et
979 4908 1130 4976 bonorem
1160 4915 1313 4992 quantum
1339 4908 1426 4976 Deus
1452 4913 1632 4992 permiseii't
1660 4914 1742 4981 sciet
1767 4930 1962 4981 consenum
2004 4912 2045 4982 In

492 5010 643 5097 hospitali
663 5019 771 5080 autem
792 5013 936 5097 superius
954 5018 1139 5093 memorato,
1169 5012 1253 5080 deut
1279 5013 1341 5079 mm
1362 5013 1498 5081 diximus
1519 5014 1561 5082 ob
1583 5014 1757 5083 remedium
1776 5016 1953 5082 animarum
1973 5033 2045 5100 pre-

364 5149 369 5158 ·
492 5111 691 5182 decessum
712 5132 988 5199 successorumque
1017 5120 1198 5183 amborum
1228 5121 1261 5181 et
1286 5120 1482 5198 nostrmum,
1509 5133 1582 5185 eum
1606 5117 1640 5184 in
1668 5121 1790 5184 statum
1811 5115 1928 5184 benum
1949 5116 2046 5187 fuerit

1836 5233 1874 5291 Β
