4574 6240
1928 343 2002 419 209

459 548 576 627 mutes,
597 541 779 612 discretioni
800 549 906 612 vestre
924 563 981 630 per
1000 545 1174 629 apostoliea
1201 544 1321 630 scripta
1344 545 1378 613 in
1402 544 1523 612 virtute
1543 541 1720 614 obedientie
1742 544 1885 613 districte
1905 541 2005 630 preci·

460 647 573 740 piendo
594 648 789 728 mandamus,
811 648 961 731 quatinus
983 667 1030 729 eo,
1052 666 1113 732 que
1134 646 1333 731 relinquntur
1353 645 1570 714 distribuenda
1591 647 1625 714 in
1645 648 1715 733 pios
1737 665 1812 714 usus
1833 645 2003 715 secuudum

459 749 625 822 arbitrium
647 756 849 817 executorem
879 754 1139 817 testamentorum
1164 749 1382 817 decedentium
1410 751 1443 816 in
1470 750 1599 817 Paionia
1626 756 1660 817 et
1687 749 1759 818 aliis
1780 749 1857 815 loeis
1879 747 1920 815 ad
1942 766 2003 833 quo

460 861 534 923 tnus
554 850 599 917 iili
620 851 707 935 prior
725 852 884 935 prioratus
905 857 939 918 et
960 858 1017 918 tua
1037 850 1083 917 iili
1112 851 1257 918 minister
1280 853 1523 920 amministratio
1552 852 1775 933 extenduntur,
1801 850 1862 915 nisi
1883 849 2005 933 prefata

460 955 571 1025 relicta
591 951 632 1020 ab
651 953 727 1036 ipsis
750 952 955 1020 testatoribus
976 953 1071 1020 certis
1092 951 1170 1019 locis
1192 958 1249 1019 aut
1270 954 1411 1037 personis
1432 955 1586 1039 deputata
1603 954 1720 1023 inerint
1734 953 1784 1020 nel
1799 952 1839 1019 de
1853 951 1921 1018 iure
1934 951 2005 1017 aliis
2099 949 2102 956 '

459 1054 635 1137 debuerint,
656 1060 714 1121 aut
733 1073 790 1138 per
811 1055 969 1139 predictos
991 1061 1173 1121 executores
1192 1054 1225 1120 in
1247 1073 1323 1120 usus
1342 1055 1519 1122 huiusmodi
1533 1058 1598 1124 siut
1616 1074 1779 1125 conversa:
1799 1052 1935 1120 ddeiiter
1948 1070 2006 1137 per

459 1175 516 1228 roe
535 1155 586 1224 rel
606 1174 665 1242 per
685 1155 808 1240 aliquos
829 1155 870 1223 de
888 1154 1039 1223 iratribus
1065 1161 1242 1222 rostrorum
1269 1154 1422 1221 Ordinem
1451 1157 1598 1241 providos
1626 1165 1660 1227 et
1679 1158 1842 1238 discretos,
1864 1173 1944 1238 quos
1964 1154 2006 1221 ad

461 1261 520 1329 bor
539 1256 677 1344 ydoneos
698 1275 767 1325 esse
786 1258 945 1338 noveritis,
968 1259 1160 1325 auctoritate
1181 1261 1291 1323 nostra
1311 1255 1466 1339 colligere,
1482 1264 1515 1324 et
1528 1260 1612 1344 apud
1631 1261 1769 1344 aliquem
1784 1263 1888 1324 tutum
1903 1256 2007 1323 locum

461 1370 527 1452 pro
540 1360 680 1429 eiusdem
700 1360 824 1443 imperii
844 1359 984 1426 subsidio
1005 1360 1160 1444 deponere
1181 1359 1359 1426 cumomni
1389 1359 1552 1442 diligentia
1579 1361 1765 1445 procuretis,
1795 1360 2007 1444 quantitatem

461 1467 600 1553 ipsorum
619 1454 710 1531 nobis
729 1462 930 1546 postmodum
950 1462 1143 1547 rescripturi,
1167 1461 1411 1529 contradictores
1433 1480 1491 1544 per
1511 1481 1674 1531 censuram
1693 1461 1938 1531 ecclesiasticam
1951 1479 2008 1546 ap-

461 1565 631 1654 pellatione
656 1565 834 1648 postposita
859 1563 1092 1647 compescendo.
1136 1562 1209 1630 Non
1230 1562 1429 1630 obstantibus
1455 1565 1680 1633 constitutione
1704 1565 1745 1632 de
1765 1564 1884 1631 duabus
1903 1564 2006 1645 dietis,

462 1667 547 1738 edita
567 1667 601 1733 ln
622 1665 762 1734 Concilio
787 1665 941 1750 generali,
973 1671 1006 1732 et
1034 1664 1231 1749 indulgentia
1259 1684 1322 1748 qua
1347 1662 1499 1731 fratribus
1520 1672 1696 1733 aestrorum
1718 1667 1871 1733 Ordiuum
1891 1665 2008 1733 dieitur

462 1788 531 1841 osee
551 1786 743 1851 conoessum,
765 1787 805 1835 ne
825 1768 865 1835 de
887 1769 990 1834 causis
1010 1787 1072 1853 que
1085 1787 1143 1851 per
1157 1768 1281 1833 litteras
1294 1768 1484 1850 apostolicas
1498 1769 1724 1836 commitantnr
1737 1769 1864 1850 eisdem,
1878 1784 2008 1852 eognos-

263 1896 270 1960 ς
312 1881 316 1887 ’
463 1889 534 1944 aare
555 1877 733 1952 tenenntur,
754 1871 816 1937 nisi
836 1870 877 1936 de
897 1871 1092 1954 indulgentia
1114 1869 1291 1936 huiusmodi
1310 1888 1488 1953 expressam
1509 1870 1627 1938 faciam
1647 1871 1847 1938 mentionem.
1869 1868 2008 1948 Quodsi

462 1994 525 2046 non
542 1973 634 2043 ambo
656 1973 715 2059 hys
735 1973 925 2057 exequendis
944 1973 1110 2057 potueritis
1131 1973 1292 2054 interesse,
1314 1972 1397 2040 alter
1416 1979 1556 2041 restrum
1578 1991 1618 2040 ea
1638 1970 1858 2039 nichilominus
1872 1988 2008 2054 exequa-

464 2084 526 2148 tar.
570 2074 689 2144 Datrrm
707 2075 853 2160 Lugduni
874 2075 906 2142 11
927 2074 1087 2144 Kalendas
1108 2072 1264 2156 Octobris,
1285 2073 1486 2158 pontificatus
1504 2075 1605 2144 nostri
1626 2092 1709 2141 auno
1729 2075 1834 2140 tertio.

1137 2372 1213 2460 Nr.
1245 2368 1333 2458 248

565 2565 758 2650 Boledans
784 2567 863 2649 dux
887 2566 1038 2650 Polemo
1065 2572 1197 2650 1245
1222 2590 1252 2652 s
1280 2569 1325 2668 d,
1351 2568 1394 2650 ln
1417 2567 1602 2671 Posmam
1635 2585 1749 2671 recipit
1783 2585 2009 2654 marmenem

464 2686 605 2772 Parrdyt
626 2688 659 2754 in
681 2705 772 2754 sunm
786 2687 919 2754 tutelam
932 2694 966 2754 et
978 2685 1200 2771 defensionem,
1216 2695 1250 2756 et
1262 2689 1466 2774 amplissimis
1476 2677 1676 2758 libertatibus
1690 2689 1803 2756 munit

568 2793 706 2871 Peranna
724 2796 842 2871 oruata
879 2793 1009 2854 Daiarki
1036 2793 1078 2855 od
1101 2797 1340 2872 prrpaiaazeaio
1363 2791 1475 2871 jadatj
1496 2796 1642 2878 pharfar.

567 2893 702 2958 mmm.
747 2895 912 2958 marera
943 2892 1114 2973 amram.
1141 2897 1281 2975 nepam
1302 2899 1336 2958 a
1355 2896 1408 2960 rs.
1434 2928 1479 2945 -
1507 2892 1687 2975 emmau
1736 2896 1807 2960 coa.
1830 2897 2010 2976 aphaca

468 2997 578 3062 Ποίαν.
597 2999 702 3062 Peion.
724 2997 776 3059 22

567 3196 606 3267 Iu
626 3199 753 3267 nomine
773 3205 882 3268 sanem
902 3205 937 3266 et
957 3200 1118 3269 individue
1138 3201 1313 3269 Trinitatis.
1340 3200 1505 3269 Bolezlans
1525 3202 1589 3268 dux
1610 3201 1746 3269 Polonie
1777 3198 1857 3269 ilum
1879 3218 1936 3268 nos
1956 3201 2011 3286 qui

465 3300 499 3368 in
519 3302 652 3370 terrenis
669 3302 915 3370 sublimitatibus
936 3320 1044 3371 snmus
1066 3306 1231 3373 constituti
1252 3306 1341 3374 varia
1360 3304 1547 3391 prepediant
1572 3305 1702 3389 negocia
1727 3323 1769 3372 ne
1793 3302 1920 3389 proprie
1944 3303 2012 3371 ani·

465 3418 588 3470 marum
608 3403 704 3471 salini
721 3403 820 3473 libere
848 3424 960 3473 raeere
981 3407 1150 3490 possimus.
1177 3408 1343 3492 expediens
1362 3407 1451 3474 nobis
1472 3406 1598 3474 videtur
1624 3407 1775 3493 quamdiu
1796 3407 1829 3471 iu
1851 3405 1910 3472 hac
1931 3405 2011 3488 lueis
2043 3412 2046 3419 “

465 3502 518 3571 ria
536 3508 629 3573 vacet
650 3504 749 3589 nobis,
762 3524 931 3592 queramus
945 3508 1062 3575 amicos
1076 3527 1209 3592 quorum
1224 3509 1421 3576 oracionibus
1434 3514 1468 3575 et
1482 3509 1603 3576 maritis
1622 3508 1732 3590 adiuti,
1748 3512 1782 3574 et
1796 3507 2011 3592 depromentes

466 3610 649 3689 peoeternm
668 3605 835 3676 inscicqus
855 3609 1041 3693 dissolvere,
1070 3616 1104 3679 et
1129 3618 1238 3679 eterne
1265 3610 1425 3678 felicitatis
1451 3608 1666 3677 habitaculum
1686 3610 1848 3678 adeamus
1870 3608 2011 3677 introire

466 3705 550 3778 ilino
570 3711 724 3795 estquod
744 3711 898 3778 universis
920 3714 1111 3796 eastedanis,
1140 3714 1310 3796 advocatis,
1338 3716 1513 3798 ceterisque
1539 3712 1683 3781 fidelibus
1712 3713 1746 3780 in
1767 3718 1876 3780 nostro
1897 3712 2013 3796 princi·

466 3815 544 3895 prm
562 3812 742 3880 constitutis
760 3813 981 3898 siqnifimmrm,
1008 3817 1091 3900 quod
1116 3817 1248 3885 dilectos
1271 3816 1385 3884 iratres
1416 3816 1543 3883 Ordinis
1570 3813 1786 3884 cisterciensis
1815 3814 1847 3880 in
1866 3814 1936 3882 loeo
1957 3813 2013 3899 qni

465 3918 597 3982 rocstnr
614 3914 783 3983 Paradisus
803 3918 858 4000 qui
880 3919 955 3985 olim
977 3919 1177 4002 Gestychore
1197 3918 1359 3987 dicebatur
1389 3919 1593 3999 constitutos,
1623 3919 1656 3983 in
1679 3923 1821 3985 nostram
1846 3917 2013 4000 recipimus

467 4018 693 4099 moeouonem
714 4019 808 4087 simul
829 4027 864 4088 et
878 4022 1011 4088 tutelam
1025 4021 1151 4105 plenam
1165 4022 1243 4106 ipsis
1257 4021 1436 4088 libertatem
1454 4019 1660 4087 conferentes
1681 4017 1899 4103 significamus
1913 4019 2013 4086 eciam

467 4115 626 4188 dilectioni
647 4127 761 4204 vestre,
781 4123 865 4208 quod
886 4124 1098 4209 predictorum
1119 4123 1255 4192 fratrum
1277 4124 1416 4190 homines
1437 4124 1493 4207 qui
1514 4142 1597 4191 nuuc
1614 4121 1673 4190 sub
1694 4123 1772 4208 ipsis
1793 4122 1941 4203 resident,
1963 4121 2013 4189 nel

467 4238 546 4307 quos
566 4225 600 4292 in
621 4231 783 4312 posterum
803 4226 837 4293 in
859 4226 925 4294 suis
944 4227 1088 4293 terminis
1108 4228 1159 4295 rel
1181 4225 1430 4311 possessionibus
1459 4243 1542 4293 nunc
1572 4226 1688 4292 habitis
1707 4224 1756 4291 rel
1777 4224 1879 4292 adhuc
1898 4243 1937 4293 er
1957 4224 2014 4292 do·

468 4326 595 4396 natione
615 4327 753 4395 fidelium
774 4329 926 4396 habendis
948 4329 1131 4412 locaverint,
1158 4331 1190 4397 in
1219 4329 1350 4397 eandem
1376 4329 1543 4413 recipimus
1573 4328 1706 4395 tutelam
1732 4333 1766 4395 et
1793 4325 2013 4409 defensionem,

468 4424 544 4512 ipris
564 4429 805 4498 nichilhominus
827 4432 953 4515 plenam
974 4432 1155 4501 libertatem
1177 4432 1369 4501 conferentes
1398 4432 1439 4498 ab
1466 4432 1552 4499 omni
1581 4432 1743 4498 mandene
1771 4428 1848 4496 iuris
1874 4426 2013 4509 Polouie,

469 4527 563 4598 monti
582 4536 633 4598 ast
654 4536 766 4614 strosa,
789 4533 983 4616 podrorowe,
1005 4554 1122 4619 powor,
1144 4537 1302 4619 porndlne,
1321 4553 1427 4616 naras,
1441 4533 1538 4615 szlad,
1562 4533 1672 4618 qloaa,
1697 4550 1804 4601 eoram
1824 4536 1929 4598 cestro
1950 4547 2014 4597 non

468 4636 583 4717 astare,
605 4653 707 4720 neque
727 4653 832 4702 coram
851 4637 1023 4705 castellano
1038 4638 1225 4722 respondere
1247 4636 1371 4718 debere,
1391 4636 1454 4701 nisi
1466 4636 1675 4717 antedonem,
1697 4641 1731 4704 et
1745 4637 1805 4703 hoe
1819 4653 1882 4700 non
1895 4633 2015 4718 absque

468 4730 570 4818 druto
588 4737 706 4804 mnulo
726 4737 815 4806 doch
832 4738 966 4822 signato.
998 4739 1043 4806 Et
1060 4758 1101 4807 ne
1121 4740 1294 4826 supradicti
1315 4737 1429 4805 iratres
1450 4737 1500 4804 vel
1521 4739 1661 4822 ipsorum
1680 4738 1822 4806 homines
1843 4737 1883 4803 de
1904 4754 2014 4820 supra·

468 4831 561 4904 deos
581 4838 721 4907 serviciis
742 4839 775 4907 in
796 4839 903 4924 aliquo
922 4847 1102 4924 graventur,
1124 4843 1219 4909 sicuti
1240 4843 1273 4907 in
1295 4846 1398 4907 castm
1418 4840 1470 4907 vel
1491 4847 1587 4923 ponte
1604 4839 1787 4909 edificando.
1816 4839 1868 4906 ild
1889 4837 2015 4922 expedi·

468 4934 585 5008 tionem
605 4959 670 5008 non
689 4941 745 5024 ire,
768 4948 802 5009 et
821 4943 1025 5026 quoadusque
1046 4943 1164 5011 dorda
1179 4943 1261 5010 bello
1276 4962 1338 5009 neu
1353 4942 1533 5024 revertitur,
1548 4943 1859 5010 monasterioeorum
1873 4940 2015 5006 hominen

469 5033 612 5111 laborent
630 5043 715 5126 quod
727 5045 774 5112 eis
787 5044 828 5111 ab
842 5044 959 5112 abbate
972 5046 1021 5113 rei
1035 5047 1185 5115 celeraria
1200 5046 1381 5131 precipitur,
1402 5049 1436 5112 et
1453 5044 1514 5111 boo
1535 5043 1569 5110 in
1589 5046 1717 5129 propria
1734 5063 1873 5128 expensa
1886 5042 2014 5109 haam

469 5136 658 5214 Tbelonenm
679 5146 713 5213 in
734 5147 819 5214 omni
840 5147 958 5214 ducatu
979 5166 1049 5216 meo
1071 5150 1120 5216 uel
1138 5148 1272 5233 vectigal
1294 5167 1356 5215 nen
1377 5145 1511 5213 solvant
1548 5145 1592 5213 Et
1611 5152 1650 5213 ut
1670 5145 1729 5214 beo
1754 5151 1865 5212 nostra
1886 5144 2014 5212 donatio

469 5237 652 5317 inconvulsa
672 5254 706 5319 et
726 5249 850 5318 illibata
871 5267 930 5317 ero
951 5256 1167 5334 permaneant,
1188 5251 1378 5320 auctoritate
1398 5250 1458 5320 Dei
1476 5255 1511 5318 et
1531 5254 1641 5319 uostm
1661 5248 1797 5318 fideliter
1817 5247 2015 5316 roborantur.

1806 5366 1843 5424 fl
