4574 6240
1934 259 2007 333 211

464 458 600 532 mudum
621 457 697 543 (sic)
717 475 817 541 usque
837 459 879 524 ad
897 457 1012 526 flumen
1033 458 1174 526 Nothisz.
1213 459 1310 541 Quem
1331 460 1459 528 tunam
1481 418 1629 528 uidelicet
1638 429 1819 527 ‘Lcmnicza
1840 458 1869 527 ei
1891 464 1925 526 et
1946 457 2014 525 suis

464 559 694 632 successoribus
716 561 912 643 integraliter
932 566 966 627 et
987 567 1089 627 totum
1110 560 1219 628 minus
1245 568 1279 630 et
1304 563 1457 630 enauimus
1486 561 1521 627 in
1547 561 1789 645 sempitemem,
1816 578 1880 643 quo
1902 565 2015 627 utatur

464 664 512 732 nti
531 662 697 749 placuerit,
719 662 844 729 editicet
864 662 898 728 in
919 680 957 728 eo
978 662 1074 729 libere
1094 669 1207 747 cupae
1227 671 1261 731 et
1282 665 1381 732 ineis
1401 664 1502 731 moles
1524 682 1583 749 pro
1604 683 1640 731 se
1659 663 1711 732 uel
1733 664 1800 730 suis
1824 662 2013 731 successori·

274 734 279 747 ¹
368 756 373 767 ’
464 767 532 842 bus,
547 764 621 831 inde
635 764 732 833 nichil
748 763 899 830 tribuens.
934 763 1124 831 Gaudebnnt
1145 772 1288 847 preterea
1306 765 1365 832 hcc
1382 766 1456 832 vilic
1477 766 1624 834 libertate
1645 766 1686 832 ab
1707 764 1852 832 omnibus
1872 763 2014 844 tributis,

463 865 688 946 amnonius,
709 864 937 940 vexationibus,
964 871 997 931 et
1014 866 1201 949 generaliter
1222 871 1255 932 ct
1273 867 1475 949 singulariter
1496 873 1530 936 et
1550 869 1590 935 ab
1606 867 1739 952 singulis
1760 865 2013 949 quibuscumque

464 966 642 1037 nominibus
666 967 856 1050 appelantnr
887 965 1095 1033 solucionibns
1124 968 1240 1033 nostris
1274 967 1339 1032 sint
1364 967 1456 1034 liberi
1482 975 1516 1036 et
1537 970 1683 1054 exempti.
1728 966 1849 1034 Damas
1870 971 2016 1050 pretereo

466 1067 540 1137 bnic
557 1073 667 1133 nostro
689 1066 877 1149 Sandiuogio
898 1072 933 1133 et
954 1066 1021 1133 cius
1042 1067 1189 1150 legitimis
1211 1067 1452 1150 successoribus,
1481 1070 1515 1136 in
1537 1071 1587 1136 his
1608 1069 1692 1136 villis
1713 1068 1818 1135 alendi
1840 1067 1932 1134 annis
1951 1067 2015 1135 sin·

466 1168 549 1256 galis
570 1166 722 1261 demotos
743 1166 848 1248 boren,
868 1185 948 1250 quos
970 1174 1101 1249 coemat,
1126 1169 1262 1235 adducat
1283 1168 1337 1235 ubi
1359 1171 1556 1238 commodum
1574 1170 1733 1238 videbitur
1758 1170 1828 1236 sine
1855 1170 2017 1237 solucione

465 1276 646 1341 soenorum
665 1268 780 1352 ubique
799 1267 938 1335 locorum
963 1269 1188 1351 tholoneomm,
1217 1270 1377 1354 pellatque
1406 1289 1461 1338 eos
1488 1291 1547 1355 pro
1572 1272 1734 1340 commodo
1757 1289 1816 1338 suo
1837 1271 2019 1356 ubicunqne

268 1422 274 1429 -
373 1398 376 1402 “
465 1372 601 1442 voluerit
618 1371 672 1438 ille
694 1378 727 1437 et
746 1371 795 1436 sui
817 1388 1020 1451 successores,
1050 1390 1113 1437 non
1142 1390 1238 1455 penso
1263 1377 1372 1439 nostro
1393 1372 1500 1439 debito
1523 1373 1678 1442 thelonco.
1722 1372 1771 1441 nt
1791 1377 1899 1440 eutem
1923 1372 2018 1439 buius
2075 1383 2081 1399 ·

466 1473 647 1544 donacionis
666 1480 699 1539 et
720 1471 878 1538 libertatis
895 1469 987 1538 firma
1007 1478 1040 1538 et
1060 1475 1251 1556 sempiterna
1272 1478 1356 1539 esset
1377 1474 1545 1556 stabilitus,
1567 1475 1639 1543 ideo
1652 1470 1788 1559 ‘propter
1808 1474 1856 1542 rei
1877 1473 2017 1542 lucidius

467 1574 681 1646 testimoninm
702 1578 864 1657 presentes
884 1573 986 1640 nostri
1000 1573 1095 1657 sigilli
1108 1576 1280 1642 munimine
1294 1575 1439 1665 roborari⁴
1452 1576 1600 1643 iussimus
1614 1577 1676 1644 biis
1690 1575 1908 1660 presentibus:
1931 1575 2018 1643 God-

466 1678 560 1765 poldo
592 1676 778 1744 cancellario
808 1682 928 1757 nostro,
962 1677 1075 1743 comite
1101 1676 1228 1745 Simone
1255 1678 1405 1761 pincerne
1432 1675 1629 1759 Kalissiensi,
1661 1679 1776 1745 comite
1795 1677 1890 1745 Petm
1912 1676 2016 1745 iudice

466 1778 663 1860 Knlissiensi,
685 1779 799 1845 comite
819 1777 978 1844 bliroslao·
991 1778 1160 1846 castellano
1180 1779 1221 1847 de
1242 1778 1412 1860 Willrovia,
1431 1779 1546 1847 comite
1564 1779 1704 1846 Bcniam
1724 1779 1797 1864 (sic)
1822 1797 2017 1846 sncoumcra·

466 1881 514 1950 rio
533 1878 748 1961 Posnnniensi,
767 1879 895 1946 domino
917 1877 1062 1963 configo
1082 1881 1154 1965 (sic)
1167 1888 1201 1949 et
1213 1880 1339 1948 domino
1353 1880 1498 1949 Micislar
1517 1881 1590 1966 (sic)
1608 1881 1779 1965 capellanis
1795 1880 2011 1949 ourionoetre.

467 1981 1177 2067 Drtapermannslobannisnotariicnrie
1204 1987 1312 2051 nostre
1336 1981 1371 2050 in
1395 1981 1823 2066 PomariaannoDomini
1849 1980 2018 2051 millesime
2076 2020 2079 2025 ·

468 2084 681 2154 duomtesimo
701 2083 941 2170 quadrage-'mo
966 2083 1087 2169 quinto.

572 2305 757 2387 cumton,
789 2305 961 2372 Ozoenkdn.
1002 2303 1144 2388 Goliam,
1178 2304 1342 2372 ommim
1384 2304 1488 2389 Binis,
1515 2310 1621 2373 Buta
1664 2303 1875 2389 Roodnussgu.
1900 2311 2020 2386 penne

471 2411 657 2486 menda,
689 2407 814 2476 Vednm
840 2408 1188 2492 domitoremne
1215 2412 1675 2490 rePlocicoropobliiunri
1700 2409 1870 2488 Grttadcrp.
1914 2407 2019 2476 leons

471 2512 622 2596 antiquus
642 2510 820 2593 Mertbuia,
848 2534 868 2576 z
892 2515 1057 2576 mosetto
1081 2515 1139 2583 vic
1157 2517 1218 2576 alte
1239 2514 1369 2577 Martie
1390 2511 1508 2579 Album
1528 2511 1642 2594 ntum,
1670 2509 1784 2578 clerus
1802 2528 1904 2592 monn,
1925 2509 2020 2579 Mons

468 2612 592 2698 longus,
613 2614 824 2691 miejccoaootcc'
841 2632 922 2693 ponc
942 2618 1056 2675 nutent
1075 2615 1218 2676 Birttolz
1239 2632 1261 2676 a
1288 2616 1472 2692 Meloposez.
1506 2611 1635 2696 Seiopa,
1663 2616 1790 2693 eziopc.
1820 2610 1918 2697 Lapis
1939 2611 2019 2681 edu·

471 2720 552 2798 abso,
572 2719 625 2780 nte
644 2718 845 2794 odpodaionc.
867 2713 1002 2780 Flamen
1022 2713 1078 2796 qni
1099 2731 1138 2781 ex
1158 2713 1230 2781 lacu
1250 2713 1402 2783 Bukowic
1422 2715 1534 2798 oritur,
1556 2717 1715 2781 Moneo
1735 2735 1782 2782 rz.
1814 2714 1917 2782 Flam
1940 2713 2021 2783 Scil-

469 2817 568 2899 aim,
590 2815 1234 2902 Stbticarz.mdkcdrqm.1tzctanta
1267 2814 1459 2900 Niekurslso,
1486 2839 1506 2881 z
1534 2822 1621 2884 nim
1640 2819 1801 2882 Nikoslccrc
1837 2815 2022 2884 lambet

469 2917 1228 3003 firmanmpkopodapbcpdoramiea
1263 2917 1554 3001 linnbomnicza,
1583 2921 1796 2985 domn.
1826 2915 2021 2986 FlumNo·

471 3020 740 3105 tffldotcdn„
772 3020 1447 3102 Pddnocnapram'copoopidjolrrcdloncpo
1467 3023 1685 3100 obmurmjcrt
1705 3021 1795 3086 detdic
1815 3023 2021 3106 mpro-

471 3129 543 3214 niep
558 3123 718 3207 pouietdn
745 3125 940 3204 Wolcctricpo
961 3129 973 3188 i
992 3123 1232 3204 Pommislciepo,
1254 3128 1379 3206 deplere
1398 3143 1438 3189 zo
1454 3127 1640 3205 pmononc'o
1660 3126 1867 3204 Μάσκα
1881 3126 2022 3206 lepiddp

471 3229 686 3314 tumim.
709 3224 879 3308 Wilkovie,
905 3227 1090 3306 Wlkowujcc

1141 3587 1216 3676 Nn.
1248 3585 1348 3677 250.

575 3785 817 3870 Imocentdus
848 3783 913 3889 Pp.
945 3784 1003 3869 IV
1037 3788 1171 3867 1246
1204 3784 1304 3866 Febr.
1339 3785 1410 3881 13,
1440 3783 1632 3885 Lugdunl3
1664 3802 1808 3871 concedit
1838 3803 2023 3888 provinciali

473 3903 577 3974 Frate
598 3904 856 3975 Praedicatornm
872 3905 907 3972 in
927 3904 1058 3972 Polonia
1078 3903 1261 3972 facultatem
1282 3902 1474 3985 absolvendi,
1490 3909 1620 3989 propter
1632 3902 1777 3972 baudem
1791 3908 1825 3973 in
1840 3905 2023 3990 colligendis

471 4005 676 4077 mutibus
697 4028 756 4094 pro
773 4008 960 4076 liberatione
983 4008 1107 4094 imperii
1134 4006 1475 4090 eommntmopotiuni
1504 4006 1702 4074 commissam
1727 4009 2023 4076 excommunicatos.

575 4116 715 4192 Papam
735 4116 854 4193 orppin.
877 4115 927 4175 No
946 4131 1049 4176 rznur.
1063 4114 1194 4191 lonopa.
1209 4129 1289 4173 ezer.
1300 4114 1530 4190 przproicczoao
1542 4109 1637 4173 buda.-
1657 4107 1862 4178 Innocentius
1876 4109 1934 4196 Pp
1947 4109 2023 4177 IIIL

576 4213 717 4280 Krekdn.
750 4217 871 4280 Arcbm
894 4217 998 4278 diatr.
1023 4216 1282 4279 Procncaonm

576 4432 778 4503 innocentius
799 4434 964 4519 episeopus
987 4451 1096 4500 servus
1117 4449 1278 4500 servornm
1298 4430 1369 4511 Dei,
1388 4430 1503 4497 dilecto
1525 4428 1590 4498 tilio
1613 4480 1650 4498 ..
1672 4430 1772 4516 priori
1792 4429 1929 4498 imm
1948 4430 2025 4501 Pre-

475 4532 651 4603 diesternm
671 4535 855 4620 prouinciali
877 4536 910 4602 in
931 4535 1061 4601 Polonia
1082 4534 1216 4600 salntem
1238 4536 1271 4598 et
1292 4531 1496 4615 apostolieum
1517 4531 1777 4601 benedictionem
1804 4531 1886 4600 (inm
1903 4551 1944 4601 ca
1962 4552 2025 4620 qne

475 4635 606 4722 imperio
629 4636 978 4721 Constantinopolitano
999 4655 1020 4702 a
1045 4635 1125 4701 Sede
1149 4633 1322 4718 apostoliea
1349 4638 1425 4699 sunt
1454 4652 1610 4717 concessa,
1640 4640 1707 4702 tem
1731 4643 1794 4719 'per
1821 4635 2025 4704 ecclesiarum

474 4737 612 4822 prolutas
633 4758 729 4823 quant
750 4757 808 4822 per
829 4745 862 4805 te
883 4744 917 4804 et
937 4736 1052 4803 iratres
1071 4737 1119 4803 tui
1141 4735 1268 4801 Ordinis
1286 4735 1320 4800 in
1340 4733 1469 4802 Polonie
1489 4737 1633 4819 pertibus
1657 4737 1911 4805 mandaverimus
1936 4737 2025 4807 celli-

474 4839 586 4924 ιω
607 4846 785 4908 statuentes
806 4846 844 4906 ut
861 4840 890 4906 si
911 4841 965 4922 qni
987 4857 1081 4922 super
1101 4837 1163 4904 hiis
1184 4837 1320 4903 scienter
1340 4835 1482 4904 tandem
1509 4838 1732 4920 commiserint,
1759 4839 1829 4923 ipse
1847 4839 1934 4908 laeto
1953 4857 2025 4907 sen·

475 4943 607 5011 tentiam
629 4941 957 5010 excommunicationis
976 4942 1152 5007 incurrant:
1179 4957 1236 5003 nos
1258 4938 1407 5018 volentes,
1437 4944 1475 5005 nt
1502 4958 1565 5022 quo
1592 4939 1723 5008 liberius
1747 4960 1785 5008 eo
1805 4940 1919 5007 melius
1939 4958 2026 5009 eom·

476 5043 607 5112 mineum
629 5045 685 5111 tibi
705 5063 801 5127 snper
821 5044 881 5110 lroc
899 5044 1058 5124 amonium
1079 5041 1253 5125 exequaris,
1272 5040 1452 5107 absolvendi
1477 5040 1558 5107 tales
1575 5047 1609 5108 et
1624 5042 1723 5108 etiarn
1747 5043 1820 5108 illos
1841 5042 1898 5125 qni
1916 5043 2025 5126 ulique

477 5144 570 5214 nodo
586 5153 718 5234 propter
739 5145 799 5213 hoc
819 5145 1078 5212 excommunicati
1100 5143 1226 5225 luerint,
1248 5142 1415 5210 dummodo
1437 5141 1496 5209 tibi
1517 5160 1575 5209 sen
1593 5142 1688 5210 dictis
1702 5141 1854 5211 nauibus
1867 5162 1926 5229 pre
1939 5144 2027 5212 dicto

1819 5260 1871 5316 w
