4574 6240
658 493 709 567 48

658 694 924 780 respondendum,
950 696 1034 780 quod
1053 695 1115 764 nisi
1136 696 1224 763 ahud
1246 697 1506 782 impedimentum
1527 699 1677 782 obsistat,
1700 696 1900 770 dissimulare
1921 703 2027 783 potes,
2048 705 2087 767 ut
2107 701 2140 770 in
2158 728 2204 778 ce

658 798 734 970 iiii
750 798 878 968 iiiiii&
894 796 1106 923 ignoruntium
1127 805 1308 886 contracto,
1342 801 1554 888 dispensative
1572 805 1701 872 valeant
1721 821 1894 872 remunero.
1932 802 2051 870 Datum
2073 801 2119 872 VI
2136 807 2205 887 Idus

1347 1102 1421 1189 Nr.
1443 1099 1514 1189 39.

761 1295 1002 1381 Innocentius
1028 1296 1091 1401 Pp.
1117 1296 1184 1380 ΠΙ
1210 1302 1349 1382 1206
1377 1297 1450 1382 Odi.
1476 1302 1566 1397 26,
1598 1298 1790 1403 Irnidlnni3
1806 1315 1939 1383 mandat
1953 1315 2107 1382 universis
2122 1337 2205 1402 prae·

657 1416 735 1486 uus
749 1417 1089 1588 ‘emmennone
1125 1425 1164 1485 ut
1185 1418 1294 1487 annu
1315 1419 1355 1488 ue
1375 1419 1497 1504 uerno,
1519 1420 1718 1505 praedicanti
1739 1419 1849 1502 crem,
1886 1418 2052 1487 emnium
2073 1426 2108 1486 er
2127 1420 2205 1494 avc
2247 1407 2281 1536 1

658 1539 727 1591 mm
747 1540 937 1707 mlirpelplieigiry
957 1633 986 1690 et
1008 1628 1050 1689 dre
1075 1627 1165 1691 licit
1189 1628 1370 1706 Dipiomoto,
1394 1630 1522 1692 obortae
1541 1637 1599 1693 etc.
1622 1628 1674 1709 11,
1691 1646 1728 1709 p.
1750 1627 1823 1691 990.

762 1826 1024 1916 irciiepisoopis,
1047 1831 1215 1914 episcopis,
1237 1830 1413 1908 abbatibus
1435 1832 1594 1916 prioribus
1615 1837 1650 1898 et
1669 1831 1742 1898 aliis
1763 1831 1967 1899 ecclesiarum
1987 1829 2135 1915 prelatis,
2155 1852 2207 1918 per
2248 1831 2280 1960 Ι

658 1934 822 2003 Poloniam
843 1935 1035 2002 constitutis.
1078 1934 1191 2017 Homo,
1219 1936 1273 2019 qui
1303 1954 1375 2003 cum
1403 1935 1438 2001 in
1467 1935 1587 2002 honore
1607 1941 1708 2017 esset,
1741 1933 1912 2001 invisibilia
1932 1932 1992 2000 Dei
2018 1952 2076 2018 per
2092 1952 2132 2002 eo
2151 1956 2207 2020 que

657 2037 745 2106 nota
764 2043 841 2105 sunt
860 2038 1024 2106 intellecta
1043 2038 1223 2121 conspicere
1244 2038 1411 2121 potuisset,
1436 2038 1660 2122 sempiternam
1693 2055 1819 2122 quoque
1838 2037 1990 2103 virtutem
2011 2043 2046 2103 et
2066 2035 2207 2106 ιιιιιιιιι·

658 2147 724 2210 tem
745 2142 856 2227 ipsius,
878 2142 927 2211 ita
946 2146 984 2208 ut
1001 2141 1223 2208 inexcusabilis
1245 2146 1331 2208 esset
1352 2143 1427 2226 quia
1448 2142 1577 2208 minime
1591 2140 1757 2223 intellexit,
1791 2146 1993 2224 comparatus
2018 2145 2070 2207 est
2094 2139 2207 2209 iumen·
2236 2165 2238 2168 ⁴

658 2245 701 2312 tis
722 2244 959 2330 insipientibus,
996 2250 1031 2312 et
1051 2245 1202 2328 insipiens
1223 2242 1427 2310 obscuratum
1448 2262 1503 2311 cor
1520 2245 1604 2325 nus,
1641 2248 1769 2311 mutam
1800 2241 1935 2326 gloriam
1965 2243 2206 2327 incorruptibilis

659 2347 720 2415 Dei
741 2348 775 2415 in
796 2346 1034 2414 similitudinem
1055 2345 1201 2430 imaginis
1222 2344 1437 2427 corruptibilis
1451 2344 1587 2412 hominis
1599 2351 1633 2412 et
1643 2344 1817 2428 volucrum,
1840 2342 2079 2430 quadrupedum
2098 2350 2132 2411 et
2148 2364 2208 2414 ser·

657 2455 800 2535 pentum,
815 2455 850 2517 et
860 2455 1004 2517 creature
1014 2449 1121 2533 potius
1133 2466 1229 2531 quarn
1241 2446 1385 2515 Creatori
1396 2447 1514 2532 eligens
1525 2447 1692 2515 deservire
1715 2446 1835 2514 Verum
1845 2448 2044 2531 omnipotens
2055 2446 2152 2528 Deus,
2171 2469 2208 2516 ne

657 2551 713 2620 ille
723 2553 841 2637 periret
851 2558 968 2619 extum
984 2570 1078 2636 quem
1091 2553 1176 2618 inter
1189 2556 1311 2619 ceteras
1323 2557 1486 2619 creaturas
1499 2551 1659 2619 abderet
1676 2550 1849 2617 eminentia
1869 2550 2045 2633 dignitatis,
2060 2568 2208 2634 exurgens

657 2660 789 2741 propter
802 2655 961 2735 miseriam
975 2655 1105 2738 inopum
1116 2659 1149 2721 et
1157 2654 1311 2738 gemitum
1326 2672 1509 2738 pauperum,
1525 2673 1582 2739 per
1595 2653 1689 2721 fidem
1703 2654 1738 2719 iu
1752 2654 1905 2737 sanguine
1915 2653 2014 2736 ipsius
2026 2653 2209 2737 propitiato·

658 2777 726 2826 rem
741 2757 907 2845 proposuit
920 2758 1026 2826 Iesum
1040 2757 1203 2825 christum
1217 2756 1259 2824 od
1273 2757 1486 2824 ostensionem
1507 2757 1631 2823 iustitie
1651 2762 1851 2842 suepropter
1870 2757 2087 2824 remissionem
2108 2774 2208 2840 prece

658 2860 801 2928 (lendum
821 2860 1010 2929 delictorum
1029 2859 1310 2938 infsustentatioue
1330 2858 1400 2942 Dei,
1423 2865 1461 2926 ut
1475 2866 1560 2927 esset
1580 2860 1649 2942 ipse
1663 2860 1767 2927 iustus
1780 2863 1813 2926 et
1827 2857 2004 2926 iustificam
2018 2877 2092 2927 eum
2106 2859 2160 2942 qui
2173 2850 2208 2926 es

658 2961 721 3030 ilde
741 2968 792 3031 est
804 2962 877 3031 lesu
892 2962 1030 3045 Christi,
1052 2964 1195 3047 sineque
1208 2963 1315 3029 nullus
1330 2966 1435 3046 potest
1448 2960 1616 3028 iustificari
1630 2962 1768 3044 omnino,
1790 2979 1872 3044 cum,
1892 2965 2031 3029 leonte
2045 2959 2207 3045 Propheta

643 3064 763 3134 iustus
782 3084 822 3134 ex
842 3064 904 3133 lide
924 3067 1022 3133 vivat
1044 3065 1213 3150 Proposita
1229 3083 1304 3148 ergo
1324 3065 1383 3131 hac
1394 3065 1447 3132 via
1468 3064 1563 3131 eundi
1577 3063 1619 3132 ad
1632 3064 1736 3131 Deum
1749 3064 1854 3131 vivum
1874 3069 1909 3131 et
1929 3082 2047 3144 verum,
2069 3063 2209 3146 princeps

511 3230 516 3241 .
659 3167 769 3236 mundi
793 3169 887 3235 huius
912 3167 1110 3252 quorundam
1130 3173 1253 3235 mentes
1273 3166 1448 3235 infidelium
1469 3167 1638 3249 account,
1672 3173 1710 3234 nt
1729 3164 1921 3235 illuminatio
1943 3166 2097 3252 evungelii
2116 3166 2209 3250 glorie

658 3270 834 3340 chriseu
855 3291 910 3339 eos
930 3289 995 3338 non
1016 3272 1123 3340 valcat
1142 3271 1282 3353 redime,
1320 3269 1376 3337 sed
1404 3270 1508 3338 adnue
1528 3269 1725 3338 infidelitatis
1757 3269 1896 3337 mebris
1920 3270 2063 3338 obvoluti
2084 3288 2146 3336 non
2166 3270 2209 3334 in·

660 3381 775 3442 vocent
795 3372 966 3443 Dominum
997 3375 1052 3459 qui
1074 3393 1173 3459 prope
1194 3381 1244 3442 est
1270 3372 1415 3441 omuibus
1435 3373 1655 3440 invocantibus
1675 3390 1749 3439 eum
1766 3373 1801 3439 in
1821 3373 1971 3453 veritum
2008 3372 2085 3457 quia
2114 3369 2209 3438 omnis

649 3477 839 3563 'quicunque
869 3479 1063 3545 invocaverit
1094 3496 1208 3545 nomen
1229 3476 1372 3558 Domini,
1410 3475 1518 3543 salvam
1539 3476 1611 3543 erit
1652 3471 1881 3560 sedquoniam
1908 3480 1946 3540 ut
1966 3475 2014 3542 ait
2034 3472 2208 3559 apostolus:

660 3578 821 3660 Quomodo
842 3580 1035 3649 invocabunt
1054 3581 1087 3646 in
1109 3599 1203 3664 quern
1225 3598 1289 3646 non
1312 3579 1534 3647 crediderunt?
1565 3584 1624 3647 aut
1644 3577 1800 3664 quomodo
1822 3578 1952 3645 credent
1972 3579 2002 3645 ei
2037 3596 2131 3663 quem
2151 3593 2209 3642 non

660 3680 849 3750 adimunt?
875 3682 926 3750 vel
948 3681 1103 3768 quomodo
1124 3681 1256 3750 audient
1277 3682 1346 3749 sine
1366 3681 1570 3766 predicante?
1602 3687 1637 3750 et
1656 3680 1812 3767 quomodo
1832 3679 2040 3766 predicabant
2059 3680 2123 3747 nisi
2142 3680 2210 3746 mit·

660 3785 795 3852 tenure
815 3785 1077 3853 suscitavitDeus
1095 3785 1243 3869 spiritum
1264 3784 1372 3852 dilecti
1393 3782 1631 3874 lilii..nbbatis
1651 3783 1692 3852 de
1712 3782 1843 3851 hahens
1861 3789 1900 3850 ut
1920 3782 1961 3850 ud
1983 3801 2124 3868 paganos
2144 3779 2210 3846 illos

661 3887 717 3971 qui
736 3886 821 3955 circa
840 3893 963 3955 vestras
980 3888 1124 3972 regiones
1146 3889 1302 3968 existunt,
1338 3885 1490 3968 anobis,
1511 3887 1567 3969 qui
1589 3885 1665 3953 licat
1685 3885 1836 3955 immeriti
1857 3887 1925 3953 eius
1946 3885 2051 3952 locun
2073 3890 2209 3951 tenemus

660 3988 695 4056 in
716 3988 811 4056 terris
832 3990 887 4074 qui
907 3989 1071 4073 discipulis
1091 3991 1158 4057 suis
1179 3991 1241 4058 ait:
1275 3989 1399 4073 Rogate
1419 3989 1583 4056 domiuum
1599 3991 1716 4057 ,messis
1736 3995 1775 4058 ut
1788 3990 1900 4057 mittat
1914 3989 2075 4073 operarios
2089 3987 2123 4054 in
2137 4002 2211 4052 mee

661 4108 728 4159 sem
749 4110 854 4158 suam:
879 4091 1056 4176 postularet
1078 4093 1266 4173 transmitti,
1301 4097 1457 4176 quatenus
1476 4091 1510 4157 in
1532 4109 1586 4158 eos
1608 4091 1731 4178 aliquos
1751 4091 1931 4177 manipulos
1952 4091 2097 4174 colligat,
2130 4086 2211 4156 elin

661 4193 761 4262 vitam
782 4199 924 4261 eternam
945 4199 1113 4278 congreget
1133 4195 1194 4261 sibi
1215 4194 1361 4262 fructum
1406 4193 1487 4262 Cum
1509 4195 1594 4262 enim
1623 4195 1664 4262 ad
1685 4201 1794 4280 partes
1820 4195 1910 4277 illas,
1948 4190 2211 4279 proquibusdam

660 4292 813 4363 nabibus
831 4295 1003 4362 liberandis
1039 4297 1094 4378 qui
1115 4296 1157 4364 ab
1178 4297 1256 4381 ipsis
1279 4298 1411 4382 paganis
1432 4297 1625 4365 tenebantur
1645 4297 1769 4383 alligati
1790 4298 1926 4364 vinculis
1947 4297 2148 4375 accessisset,
2182 4300 2211 4357 et

660 4396 807 4464 dominus
825 4402 910 4464 terre
931 4397 1017 4464 illius
1039 4398 1143 4482 ipsum
1164 4399 1335 4483 recepisset
1356 4399 1490 4485 benigne
1518 4420 1557 4468 ac
1577 4400 1751 4467 dimisisset
1778 4399 1894 4466 liberos
1916 4399 1984 4467 eius
2005 4397 2138 4478 haum,
2163 4393 2211 4461 de

661 4505 842 4568 monstrms
862 4499 964 4567 eidem
985 4500 1207 4567 nichilominus
1228 4501 1314 4569 beuti
1344 4503 1494 4586 mamyris
1516 4502 1642 4570 ilberti
1661 4501 1877 4586 sepulchrum:
1900 4501 2030 4568 elevatis
2051 4499 2152 4568 oculis
2171 4495 2212 4559 ιι-

661 4602 711 4670 dit
731 4602 817 4687 quod
837 4603 923 4686 regio
946 4602 1004 4670 illa
1026 4603 1102 4670 alba
1119 4609 1204 4670 esset
1224 4603 1266 4671 ad
1288 4622 1437 4686 messem,
1458 4606 1515 4672 sed
1532 4605 1649 4688 ¹falcem
1670 4605 1705 4672 in
1725 4623 1796 4673 eam
1818 4605 1947 4672 mittere
1964 4610 2092 4672 nonest
2112 4618 2212 4674 ausum

662 4706 810 4790 quoniam
833 4726 854 4773 a
874 4706 965 4773 nobis
984 4705 1166 4792 predicandi
1188 4726 1252 4774 non
1274 4713 1440 4791 acceperat
1460 4712 1668 4791 potestatem
1696 4726 1794 4792 quare
1815 4706 1857 4775 ed
1879 4707 2084 4791 apostolicam
2107 4705 2212 4773 Sedom

663 4808 814 4877 accedeus
833 4810 924 4877 uobis
945 4810 1109 4877 humiliter
1130 4810 1308 4894 suplicavit,
1331 4815 1369 4876 ut
1390 4810 1494 4893 ipsum
1516 4810 1549 4876 in
1568 4827 1702 4876 messem
1716 4809 1843 4877 Domini
1865 4811 1994 4876 mittere
2007 4809 2212 4892 dignaremur.

661 4910 730 4978 lios
751 4912 850 4995 igitur
871 4913 958 4998 pium
980 4915 1048 4981 eius
1070 4913 1266 4998 propositum
1287 4914 1321 4980 in
1337 4913 1473 4980 Domino
1495 4910 1760 4993 commendantes,
1797 4912 1988 4979 aucmritute
2009 4911 2071 4978 sibi
2094 4924 2213 4996 preses·

665 5014 745 5081 tium
763 5013 910 5083 duximus
931 5015 1173 5096 concedendum,
1206 5022 1244 5082 ut
1264 5017 1460 5100 evangelizet
1477 5015 1606 5096 eisdem,
1629 5022 1663 5083 et
1684 5013 1816 5098 fungens
1837 5015 1994 5098 legntione
2006 5033 2066 5101 pro
2081 5014 2212 5083 christo.

513 5202 515 5204 ,
663 5120 816 5200 nuquam
837 5117 905 5185 Deo
927 5119 1124 5200 exhortante,
1146 5137 1203 5202 per
1215 5137 1288 5184 eum
1305 5119 1448 5185 obsecret
1465 5117 1537 5184 illos
1556 5136 1615 5202 pro
1636 5117 1774 5198 Christo,
1796 5121 1834 5184 ut
1852 5117 2094 5186 remacilientur
2109 5115 2212 5183 cidem.

663 5216 793 5302 Verum,
822 5221 899 5305 quia
919 5221 1030 5289 massis
1052 5221 1177 5306 quidem
1200 5221 1302 5287 multa
1334 5227 1368 5286 ct
1389 5221 1552 5304 operarius
1585 5239 1667 5286 unus
1695 5220 1736 5287 ad
1763 5219 1864 5304 ipsius
1896 5238 1959 5286 non
1991 5220 2110 5287 suflicit
2140 5229 2214 5283 mae

663 5320 793 5404 sionem,
816 5322 877 5408 ipsi
898 5324 1090 5391 auctoritate
1111 5322 1286 5406 apostolica
1307 5322 1515 5406 indulgemus,
1537 5326 1575 5388 ut
1595 5321 1712 5390 iratres
1731 5319 1951 5389 cisterciensis
1965 5321 2094 5390 Ordinis
2114 5330 2213 5386 secum

665 5430 808 5492 assumat
828 5430 862 5493 et
882 5425 964 5494 ahos
984 5425 1081 5494 etiem
1110 5426 1166 5511 qui
1187 5444 1259 5493 cum
1280 5443 1319 5493 eo
1340 5425 1497 5493 voluerint
1517 5423 1666 5493 accelero
1697 5425 1739 5494 ad
1765 5424 1927 5508 hocopus
1948 5425 2116 5494 ministerii
2136 5418 2214 5488 sclu-
