4574 6240
750 549 773 621 2

747 747 1021 816 Helberstadensis
1048 748 1177 816 ecclesie
1205 747 1390 815 venerabilis
1415 748 1578 833 episcopus
1606 747 1682 815 illuc
1706 766 1777 816 curu
1807 747 1873 815 suis
1902 746 2046 817 omnibus
2078 751 2279 832 pervenirent,

748 855 832 936 Quos
853 854 1068 921 sanctissimus
1090 872 1178 921 cesar
1199 851 1286 935 Otto,
1309 853 1384 936 quia
1411 853 1499 936 priam
1525 852 1695 920 secundum
1720 851 1966 919 ecclesiasticum
1993 871 2113 919 rnorem
2140 853 2192 936 pio
2217 875 2281 939 pra

748 959 910 1025 decessore
944 960 1052 1024 nostro
1090 956 1229 1023 Iohanne
1262 957 1317 1040 qui
1345 957 1458 1023 suurnri
1483 955 1684 1040 pontificatus
1709 955 1922 1023 monarchiam
1952 957 1985 1023 in
2016 956 2067 1023 his
2096 959 2282 1040 temporibus

747 1059 909 1129 obtinebat
940 1059 1237 1144 Mugatlaburgeusis
1268 1060 1328 1126 ioci
1357 1059 1658 1143 archiepiscopatum
1682 1078 1740 1142 per
1768 1077 1952 1126 eonsensum
1978 1058 2139 1143 synodaiis
2170 1061 2281 1136 decreti

747 1170 906 1232 statuente
927 1169 1023 1248 atque
1044 1163 1249 1231 confirmante
1270 1162 1497 1246 subscriptione
1519 1163 1734 1247 episcoporum
1756 1161 1856 1244 Italic,
1880 1161 1992 1243 Gallie,
2015 1161 2193 1243 Gernranie,
2217 1184 2282 1239 eum

748 1267 833 1334 omni
854 1267 987 1335 caritate
1007 1268 1155 1350 suscepit,
1185 1286 1223 1332 ea
1247 1266 1393 1332 videlieet
1419 1266 1550 1346 ratione,
1582 1266 1609 1332 si
1640 1265 1838 1349 parrochiam
1869 1265 2083 1332 imminentem
2108 1285 2129 1332 a
2156 1265 2283 1337 Halber-

747 1370 903 1438 stadensis
928 1370 1058 1437 ecclesie
1083 1370 1229 1455 episcopo
1255 1368 1396 1452 accipere
1426 1370 1589 1453 potuisset,
1619 1386 1689 1435 cum
1718 1368 1813 1434 Petro
1838 1368 2030 1435 Ravennatis
2056 1368 2284 1456 or·dlriepiscopo

748 1473 953 1556 omnibusque
985 1472 1284 1557 conprovincialibus
1317 1472 1470 1556 episcopis
1498 1490 1555 1555 pro
1584 1471 1643 1538 hoe
1674 1469 1792 1557 piacita
1816 1469 1952 1538 finiendo
1980 1472 2134 1540 convenit.
2178 1472 2285 1558 itaque

749 1576 965 1644 Hilliuvardus
983 1577 1146 1661 episcopus
1176 1595 1247 1643 erun
1273 1593 1426 1642 consensu
1452 1576 1501 1642 sni
1530 1576 1763 1661 metropolitani
1784 1575 1934 1644 Hattonis
1965 1577 2059 1644 iustis
2085 1578 2284 1661 petitionibus

748 1699 899 1762 mouens,
920 1680 1066 1762 bannum,
1088 1679 1310 1746 decimationes
1333 1684 1495 1762 totamque
1525 1680 1720 1765 parrochiam
1748 1698 1837 1746 suam
1866 1698 1927 1763 que
1949 1680 2033 1746 inter
2053 1678 2164 1747 fluvios
2181 1682 2285 1767 dmm,

749 1784 884 1866 Albium,
906 1783 1011 1851 Salam
1035 1789 1068 1850 et
1096 1782 1226 1865 Eudora,
1252 1789 1286 1849 et
1311 1782 1519 1850 occidentales
1542 1789 1650 1872 parter
1677 1782 1962 1866 Burguvardiorum
1988 1783 2030 1850 ad
2058 1784 2117 1850 iras
2146 1785 2286 1855 civitates

749 1889 971 1974 pertinentium
993 1888 1055 1954 sita
1074 1893 1133 1968 est,
1154 1887 1214 1953 hoc
1235 1892 1284 1953 est
1304 1886 1509 1970 Undesburg,
1534 1887 1715 1969 Wauzleva,
1735 1886 1934 1965 Haldeslcva,
1961 1888 1995 1953 in
2023 1906 2136 1953 manus
2156 1890 2286 1972 impera·

749 1991 828 2059 toris
848 1995 882 2059 et
899 1993 1113 2076 episcoporum
1131 1990 1173 2056 ad
1193 1988 1422 2057 edifimtionem
1439 1989 1701 2075 Magdaburgensi
1722 1990 2007 2075 arcldepiscoputas
2036 1991 2169 2058 traeddit
2193 1997 2281 2076 atqu

749 2094 912 2164 concessit
955 2093 1022 2174 Quo
1034 2091 1124 2160 finito
1138 2093 1309 2176 imperator
1323 2111 1394 2160 eum
1409 2095 1494 2160 omni
1515 2095 1700 2161 maturitate
1720 2092 1853 2160 somam
1873 2094 2000 2161 veniens
2018 2112 2056 2162 ac
2069 2094 2237 2162 Athelbert
2265 2126 2280 2156 a

749 2199 927 2283 episcopum
948 2197 1091 2281 inprimis
1112 2196 1273 2280 Rugorum
1294 2196 1452 2281 provincie
1472 2197 1674 2281 desdnatam,
1692 2216 1755 2265 non
1769 2216 1827 2264 sua
1839 2202 1946 2265 autem
1957 2197 2082 2283 ignavia
2095 2197 2150 2264 sed
2165 2197 2280 2266 illoru..

749 2303 865 2387 nequis
884 2301 1057 2386 depulsum,
1080 2319 1174 2384 quam
1197 2299 1322 2383 quidem
1343 2301 1485 2384 scientio,
1507 2302 1677 2370 sanctitate
1697 2302 1761 2368 vita
1782 2318 1966 2384 morumque
1992 2299 2150 2385 probitate
2169 2301 2236 2368 null
2266 2333 2280 2362 ι.

750 2423 879 2492 prorsus
899 2405 928 2471 ei
950 2404 1083 2471 simdem
1105 2404 1245 2470 invenire
1265 2405 1385 2488 potuit,
1412 2424 1433 2471 a
1456 2424 1577 2473 summo
1608 2403 1755 2489 pontifice
1781 2404 1823 2471 ad
1848 2403 2168 2489 Magadaburgensem
2189 2405 2275 2472 archi

749 2510 962 2595 episcopatum
983 2506 1124 2573 ordinari
1145 2507 1303 2591 precepit;
1324 2527 1363 2574 eu
1383 2507 1530 2575 videlicet
1549 2509 1681 2590 ratione,
1703 2513 1742 2575 ut
1761 2507 1844 2575 idem
1864 2507 2115 2593 archiepiscopus
2137 2526 2239 2577 cums
2277 2538 2282 2545 ·

751 2612 981 2682 successoribus
1002 2618 1035 2678 et
1056 2630 1127 2678 cum
1139 2611 1208 2678 loco
1223 2610 1282 2677 sibi
1297 2611 1462 2679 commisso
1483 2611 1702 2679 mundiburdio
1727 2610 1829 2679 sancti
1849 2610 1937 2678 Petri
1958 2612 2070 2695 suique
2090 2611 2199 2678 ricard
2220 2631 2277 2696 per

749 2723 846 2803 petuo
872 2716 1041 2797 subiectus,
1070 2718 1261 2799 potestatem
1293 2714 1423 2781 haberet
1450 2734 1547 2800 supra
1573 2715 1728 2782 dictarum
1756 2715 1921 2782 dvitatum
1947 2716 2109 2799 episcopos
2136 2715 2236 2782 ord·
2269 2743 2273 2752 ·

749 2820 860 2888 itidem
878 2819 944 2887 suis
962 2817 1202 2899 successoribus,
1222 2818 1439 2885 vicissitudine
1458 2821 1610 2903 exigente,
1625 2819 1769 2886 manibus
1782 2817 2052 2903 suffraganeorum
2063 2817 2280 2885 consecrandis

749 2923 799 2990 Idx
819 2922 879 2990 hac
899 2923 997 3007 igitur
1017 2921 1216 2989 coneoesione
1235 2921 1427 2988 adalbertus
1448 2920 1568 3008 primus
1589 2920 2014 3006 saacteMagadoburgensis
2035 2921 2165 2988 ecclesie
2189 2920 2277 2988 archi

749 3025 857 3110 presul
875 3024 1039 3092 Iordanem
1057 3025 1237 3109 episcopum
1258 3025 1479 3106 Poznauensis,
1500 3024 1666 3108 Hugonem
1685 3022 1850 3104 Ciciensis,
1874 3023 2090 3091 Burchardum
2111 3023 2279 3091 hiisnensis

750 3127 905 3195 Bosouem
948 3127 1230 3213 Merseburgensis,
1273 3128 1459 3196 Dodilonem
1495 3127 1796 3213 Brundeburgensis,
1838 3126 1997 3195 Tudonem
2030 3125 2283 3208 Havelbergens'

750 3232 880 3300 ecclesie
912 3233 1113 3299 mnsecrant
1163 3231 1213 3298 hd
1245 3232 1303 3298 hec
1331 3232 1532 3315 predecessor
1558 3239 1676 3313 noster,
1706 3231 1853 3299 videlieet
1882 3231 2086 3316 apostolicas,
2119 3230 2240 3297 hdelbe
2277 3258 2282 3288 ·

750 3333 982 3419 archiepiscopo
1004 3333 1116 3401 tribuit
1135 3339 1325 3418 potestatem
1347 3336 1474 3419 suisque
1494 3334 1738 3416 successoribus,
1763 3339 1802 3401 ut
1825 3352 1888 3401 nou
1909 3334 1971 3401 nisi
1989 3353 2010 3401 a
2029 3333 2171 3401 Romane
2199 3331 2284 3399 Sedi

749 3436 861 3505 nuntio
882 3436 1106 3518 intronizandi,
1134 3437 1196 3520 ipsi
1222 3443 1288 3504 tam
1315 3439 1349 3504 in
1377 3456 1435 3505 sua
1463 3438 1593 3506 ecclesia
1619 3457 1713 3523 quam
1738 3438 1773 3505 in
1794 3437 1864 3504 aliis
1885 3456 1943 3521 pro
1961 3437 2148 3506 necessitate
2168 3437 2247 3504 itine
2265 3435 2285 3493 '2

749 3539 880 3607 suiuus
902 3538 1010 3622 diebus
1038 3539 1157 3623 palium
1186 3544 1330 3624 portent,
1352 3540 1454 3608 crucis
1472 3541 1667 3625 dgnaeulum
1686 3547 1761 3608 ante
1782 3559 1817 3608 se
1836 3539 1949 3623 ieram,
1977 3540 2153 3608 cardinales
2172 3538 2278 3624 presbi

751 3648 835 3711 tcros
856 3643 891 3709 ia
911 3660 970 3709 sua
990 3642 1121 3709 saraia
1140 3641 1287 3709 ordinent
1315 3662 1448 3727 qaorum
1478 3662 1627 3711 uumerus
1647 3642 1838 3710 duodenario
1858 3643 2061 3728 compleatur,
2090 3643 2145 3726 qui
2167 3641 2208 3708 od
2226 3661 2278 3708 ma

685 3775 689 3784 ·
749 3745 869 3812 fimum
890 3745 990 3812 ultam
1011 3745 1227 3813 minhtrantas
1256 3747 1371 3814 cotidie
1399 3747 1585 3829 dalmaticis,
1615 3751 1649 3814 et
1673 3744 1763 3813 festis
1788 3745 1897 3813 diebus
1923 3745 2072 3812 sandaliis
2103 3745 2276 3812 induantur

750 3846 897 3916 similiter
915 3853 949 3915 et
969 3847 1115 3915 ducenos
1144 3853 1264 3932 septem
1287 3849 1460 3917 cardinales
1485 3849 1599 3917 habere
1621 3848 1788 3930 concessit,
1817 3848 1994 3915 dalmaticis
2013 3848 2158 3916 omnibus
2181 3845 2285 3914 dieb·

751 3954 882 4035 excepto
901 3943 1034 4032 ieiunio,
1053 3947 1144 4017 iestis
1169 3956 1276 4018 autem
1302 3957 1428 4019 uoeates
1449 3952 1607 4019 madalis
1651 3951 1784 4035 Insuper
1796 3951 2062 4036 arhiepiscopum
2084 3950 2279 4034 Magadabur

749 4071 876 4138 gensum
908 4051 993 4119 inter
1023 4050 1197 4120 cardinales
1228 4053 1389 4138 episcopos
1418 4060 1525 4122 nostre
1550 4053 1638 4123 Sedis
1667 4054 1859 4123 consortium
1887 4053 2012 4136 habere,
2040 4058 2075 4121 et
2103 4073 2161 4139 per
2186 4054 2282 4121 omni

749 4153 990 4240 archiepiscopis
1010 4154 1202 4237 Treverensi,
1226 4155 1414 4239 coloniensi,
1436 4156 1649 4241 Magantiensi
1669 4157 1812 4247 maalein
1831 4175 1901 4224 esse
1920 4157 2073 4241 permisit
2117 4155 2185 4237 Quo
2207 4154 2256 4223 sac
2278 4182 2284 4210 ·

750 4257 922 4342 imperator
942 4258 1105 4339 desiderio,
1120 4261 1226 4344 potire
1247 4260 1451 4328 adelbertum
1472 4260 1738 4344 archiepiscopum
1758 4278 1830 4326 cum
1848 4259 2010 4345 privilegio
2024 4266 2059 4326 et
2071 4258 2254 4326 nichilomin
2282 4284 2286 4291 ·

750 4360 907 4445 preceptis
929 4379 986 4428 sae
1001 4360 1157 4445 imaginis,
1180 4362 1214 4428 in
1235 4363 1378 4430 omnibus
1400 4368 1467 4430 tam
1485 4362 1731 4448 proprietatibus
1755 4381 1851 4447 quam
1864 4361 2066 4430 comitatibus
2079 4380 2188 4429 eorum
2202 4379 2252 4427 ro·
2266 4389 2271 4419 ·

750 4468 893 4533 ratarum
915 4464 1218 4549 arcldepiscopatum
1239 4466 1364 4533 direxit.
1399 4466 1492 4534 Unde
1512 4471 1647 4551 oportet,
1669 4471 1706 4532 ut
1725 4485 1785 4533 nos
1805 4465 1911 4532 divina
1931 4465 2137 4550 inspiratione
2156 4471 2189 4532 et
2203 4470 2283 4531 tan:

749 4566 871 4651 gemine
892 4565 1137 4634 confirmationis
1157 4568 1349 4636 auctoritate
1371 4570 1566 4650 commoniti,
1593 4569 1661 4636 loco
1682 4574 1792 4635 nostru
1813 4568 2032 4636 mundiburdio
2058 4569 2200 4636 subiecta
2221 4586 2242 4651 p
2266 4593 2272 4622 ι

749 4669 911 4737 videamus
943 4688 1027 4737 nunc
1051 4673 1085 4737 et
1112 4670 1145 4737 in
1169 4677 1341 4755 posterum
1385 4671 1509 4739 Exinde
1536 4676 1570 4737 et
1591 4672 1765 4756 apostolico
1796 4673 1987 4741 auctoritate
2009 4672 2143 4739 eundem
2174 4669 2273 4739 archi·

749 4773 911 4858 piscopnm
934 4791 1005 4840 cunr
1026 4773 1169 4840 omnibus
1191 4774 1390 4859 pertinentiis
1409 4774 1475 4842 suis
1496 4793 1558 4858 quo
1578 4778 1653 4841 sunt
1672 4775 1706 4841 in
1727 4774 1860 4857 quesitis
1880 4793 1937 4842 seu
1954 4775 2050 4843 etiarn
2071 4773 2280 4859 inquirendis

750 4875 853 4960 sigillo
875 4880 982 4942 nostre
1003 4875 1147 4960 anamais
1169 4896 1206 4943 ae
1228 4877 1323 4944 banni
1345 4879 1447 4944 nostri
1471 4879 1670 4962 preceptione
1699 4877 1859 4944 firmamus
1888 4885 1985 4964 atque
2012 4878 2207 4946 roboramus.
2251 4877 2279 4943 b}

751 4978 915 5062 siuliquis
937 4979 1121 5046 temeramus
1143 4979 1411 5065 achiepiscopum
1433 4981 1500 5047 eius
1520 4981 1581 5047 loci
1602 4980 1825 5064 inquietaverit
1855 5000 1912 5049 seu
1940 4982 2149 5066 proprietates
2180 4981 2282 5048 distra

751 5081 834 5150 serit
854 5087 964 5150 nostra
985 5081 1184 5168 preceptione
1205 5082 1334 5167 dolata
1356 5084 1390 5150 in
1411 5083 1463 5151 dio
1483 5083 1589 5150 iudicii
1611 5083 1693 5151 sciat
1712 5101 1747 5151 se
1767 5083 1871 5152 divine
1891 5084 2005 5152 auom
2020 5083 2192 5152 subiacere.

854 5287 1077 5374 Magudeburg,
1103 5291 1301 5370 dlopdcbrop.
1346 5289 1440 5356 Albia
1454 5287 1550 5370 dum,
1572 5290 1644 5355 Elbo
1657 5309 1703 5355 rz.
1733 5287 2017 5363 Havemtaleasis,
2040 5294 2078 5356 dc
2092 5292 2286 5356 Ilulbcrstudt

753 5389 829 5460 Salo
848 5390 933 5473 dun,
957 5395 1047 5457 Sootc
1064 5413 1107 5457 ra
1151 5391 1259 5459 Odora
1278 5390 1362 5474 fluv,
1399 5395 1483 5457 Odra
1503 5414 1548 5457 ιι.
1592 5390 1697 5473 Citizi,
1725 5394 1819 5459 Zeita.
1862 5391 1968 5474 bidui,
1993 5396 2134 5460 Menses.
2178 5393 2282 5461 aromo

754 5492 843 5578 burg,
866 5492 1103 5579 andenburg,
1125 5495 1192 5560 dzr't
1212 5498 1265 5559 tot
1285 5515 1374 5561 sonu.
1419 5494 1625 5579 llavelbenru,
1642 5497 1817 5576 llaoelderp.
1846 5495 1995 5577 Poanuni,
2010 5497 2144 5561 l'oznod.
2176 5497 2274 5565 ibive
