<?xml version="1.0" encoding="UTF-8"?>
<!DOCTYPE html PUBLIC "-//W3C//DTD XHTML 1.0 Transitional//EN"
    "http://www.w3.org/TR/xhtml1/DTD/xhtml1-transitional.dtd">
<html xmlns="http://www.w3.org/1999/xhtml" xml:lang="en" lang="en">
 <head>
  <title>
</title>
<meta http-equiv="Content-Type" content="text/html;charset=utf-8" />
  <meta name='ocr-system' content='tesseract 3.04.00' />
  <meta name='ocr-capabilities' content='ocr_page ocr_carea ocr_par ocr_line ocrx_word'/>
</head>
<body>
  <div class='ocr_page' id='page_1' title='image "./codexdiplomatic00zakrgoog_0365.png"; bbox 0 0 4574 6240; ppageno 0'>
   <div class='ocr_carea' id='block_1_1' title="bbox 1945 422 2014 496">
    <p class='ocr_par' dir='ltr' id='par_1_1' title="bbox 1945 422 2014 496">
     <span class='ocr_line' id='line_1_1' title="bbox 1945 422 2014 496; baseline 0 0"><span class='ocrx_word' id='word_1_1' title='bbox 1945 422 2014 496; x_wconf 79' lang='lat'><strong>121</strong></span> 
     </span>
    </p>
   </div>
   <div class='ocr_carea' id='block_1_2' title="bbox 273 620 2095 2758">
    <p class='ocr_par' dir='ltr' id='par_1_2' title="bbox 275 620 2021 1631">
     <span class='ocr_line' id='line_1_2' title="bbox 469 620 2019 708; baseline -0.005 -12"><span class='ocrx_word' id='word_1_2' title='bbox 469 624 651 696; x_wconf 79' lang='lat' dir='ltr'><strong>christiane</strong></span> <span class='ocrx_word' id='word_1_3' title='bbox 672 622 818 708; x_wconf 86' lang='lat' dir='ltr'><strong>episeopo</strong></span> <span class='ocrx_word' id='word_1_4' title='bbox 839 621 968 689; x_wconf 84' lang='lat' dir='ltr'><strong>Prussie</strong></span> <span class='ocrx_word' id='word_1_5' title='bbox 985 621 1138 690; x_wconf 89' lang='lat' dir='ltr'><strong>monacho</strong></span> <span class='ocrx_word' id='word_1_6' title='bbox 1168 620 1388 689; x_wconf 82' lang='lat' dir='ltr'><strong>Cisterciensis</strong></span> <span class='ocrx_word' id='word_1_7' title='bbox 1418 620 1547 689; x_wconf 87' lang='lat' dir='ltr'><strong>Ordinis</strong></span> <span class='ocrx_word' id='word_1_8' title='bbox 1575 621 1615 689; x_wconf 88' lang='lat' dir='ltr'><strong>ud</strong></span> <span class='ocrx_word' id='word_1_9' title='bbox 1641 626 1766 708; x_wconf 83' lang='lat' dir='ltr'><strong>tempus</strong></span> <span class='ocrx_word' id='word_1_10' title='bbox 1785 622 1851 689; x_wconf 85' lang='lat' dir='ltr'><strong>rite</strong></span> <span class='ocrx_word' id='word_1_11' title='bbox 1871 639 1929 690; x_wconf 88' lang='lat' dir='ltr'><strong>sue</strong></span> <span class='ocrx_word' id='word_1_12' title='bbox 1946 640 2019 690; x_wconf 88' lang='lat' dir='ltr'><strong>con·</strong></span> 
     </span>
     <span class='ocr_line' id='line_1_3' title="bbox 469 723 2020 812; baseline -0.002 -15"><span class='ocrx_word' id='word_1_13' title='bbox 469 725 546 797; x_wconf 85' lang='lat' dir='ltr'><strong>tulit</strong></span> <span class='ocrx_word' id='word_1_14' title='bbox 566 725 732 792; x_wconf 65' lang='lat' dir='ltr'><strong>beandam</strong></span> <span class='ocrx_word' id='word_1_15' title='bbox 755 731 788 792; x_wconf 91' lang='lat' dir='ltr'><strong>et</strong></span> <span class='ocrx_word' id='word_1_16' title='bbox 808 725 1029 810; x_wconf 78' lang='lat' dir='ltr'><strong>possidendam</strong></span> <span class='ocrx_word' id='word_1_17' title='bbox 1050 744 1109 811; x_wconf 94' lang='lat' dir='ltr'><strong>pro</strong></span> <span class='ocrx_word' id='word_1_18' title='bbox 1124 723 1333 794; x_wconf 84' lang='lat' dir='ltr'><strong>subveneione</strong></span> <span class='ocrx_word' id='word_1_19' title='bbox 1352 730 1438 792; x_wconf 86' lang='lat' dir='ltr'><strong>terre</strong></span> <span class='ocrx_word' id='word_1_20' title='bbox 1456 743 1528 806; x_wconf 79' lang='lat' dir='ltr'><strong>sue3</strong></span> <span class='ocrx_word' id='word_1_21' title='bbox 1551 724 1632 793; x_wconf 88' lang='lat' dir='ltr'><strong>idem</strong></span> <span class='ocrx_word' id='word_1_22' title='bbox 1646 731 1755 793; x_wconf 90' lang='lat' dir='ltr'><strong>cutem</strong></span> <span class='ocrx_word' id='word_1_23' title='bbox 1769 732 1862 812; x_wconf 89' lang='lat' dir='ltr'><strong>pater</strong></span> <span class='ocrx_word' id='word_1_24' title='bbox 1875 726 2020 794; x_wconf 90' lang='lat' dir='ltr'><strong>dominus</strong></span> 
     </span>
     <span class='ocr_line' id='line_1_4' title="bbox 468 827 2020 913; baseline -0.002 -13"><span class='ocrx_word' id='word_1_25' title='bbox 468 829 668 900; x_wconf 77' lang='lat' dir='ltr'><strong>Christianus</strong></span> <span class='ocrx_word' id='word_1_26' title='bbox 696 828 859 913; x_wconf 88' lang='lat' dir='ltr'><strong>episcopus</strong></span> <span class='ocrx_word' id='word_1_27' title='bbox 882 828 1082 912; x_wconf 90' lang='lat' dir='ltr'><strong>postmodum</strong></span> <span class='ocrx_word' id='word_1_28' title='bbox 1111 844 1218 895; x_wconf 91' lang='lat' dir='ltr'><strong>coram</strong></span> <span class='ocrx_word' id='word_1_29' title='bbox 1245 847 1295 894; x_wconf 91' lang='lat' dir='ltr'><strong>mc</strong></span> <span class='ocrx_word' id='word_1_30' title='bbox 1321 829 1355 894; x_wconf 92' lang='lat' dir='ltr'><strong>in</strong></span> <span class='ocrx_word' id='word_1_31' title='bbox 1384 827 1510 895; x_wconf 84' lang='lat' dir='ltr'><strong>Pernen</strong></span> <span class='ocrx_word' id='word_1_32' title='bbox 1538 829 1712 896; x_wconf 75' lang='lat' dir='ltr'><strong>consistens</strong></span> <span class='ocrx_word' id='word_1_33' title='bbox 1738 833 1773 896; x_wconf 93' lang='lat' dir='ltr'><strong>et</strong></span> <span class='ocrx_word' id='word_1_34' title='bbox 1798 828 1831 895; x_wconf 94' lang='lat' dir='ltr'><strong>in</strong></span> <span class='ocrx_word' id='word_1_35' title='bbox 1856 828 2020 913; x_wconf 73' lang='lat' dir='ltr'><strong>presencia</strong></span> 
     </span>
     <span class='ocr_line' id='line_1_5' title="bbox 467 930 2021 1017; baseline -0.001 -15"><span class='ocrx_word' id='word_1_36' title='bbox 467 930 653 1002; x_wconf 79' lang='lat' dir='ltr'><strong>venerabilis</strong></span> <span class='ocrx_word' id='word_1_37' title='bbox 674 932 774 1016; x_wconf 88' lang='lat' dir='ltr'><strong>patris</strong></span> <span class='ocrx_word' id='word_1_38' title='bbox 795 930 913 997; x_wconf 91' lang='lat' dir='ltr'><strong>domini</strong></span> <span class='ocrx_word' id='word_1_39' title='bbox 935 931 1082 1000; x_wconf 79' lang='lat' dir='ltr'><strong>Fuleonis</strong></span> <span class='ocrx_word' id='word_1_40' title='bbox 1103 932 1330 1017; x_wconf 86' lang='lat' dir='ltr'><strong>archiepiscopi</strong></span> <span class='ocrx_word' id='word_1_41' title='bbox 1351 930 1546 1000; x_wconf 85' lang='lat' dir='ltr'><strong>Gnernensis</strong></span> <span class='ocrx_word' id='word_1_42' title='bbox 1564 952 1635 1000; x_wconf 88' lang='lat' dir='ltr'><strong>cum</strong></span> <span class='ocrx_word' id='word_1_43' title='bbox 1654 933 1864 999; x_wconf 87' lang='lat' dir='ltr'><strong>instrumento</strong></span> <span class='ocrx_word' id='word_1_44' title='bbox 1877 931 2021 1000; x_wconf 86' lang='lat' dir='ltr'><strong>mandati</strong></span> 
     </span>
     <span class='ocr_line' id='line_1_6' title="bbox 467 1032 2020 1121; baseline -0.004 -13"><span class='ocrx_word' id='word_1_45' title='bbox 467 1035 633 1108; x_wconf 86' lang='lat' dir='ltr'><strong>memorati</strong></span> <span class='ocrx_word' id='word_1_46' title='bbox 656 1033 793 1118; x_wconf 75' lang='lat' dir='ltr'>Capituli</span> <span class='ocrx_word' id='word_1_47' title='bbox 814 1036 981 1118; x_wconf 75' lang='lat' dir='ltr'><strong>generalis,</strong></span> <span class='ocrx_word' id='word_1_48' title='bbox 1002 1035 1158 1121; x_wconf 75' lang='lat' dir='ltr'><strong>prefatam</strong></span> <span class='ocrx_word' id='word_1_49' title='bbox 1177 1036 1342 1104; x_wconf 70' lang='lat' dir='ltr'><strong>eeclesiam</strong></span> <span class='ocrx_word' id='word_1_50' title='bbox 1354 1035 1394 1102; x_wconf 91' lang='lat' dir='ltr'><strong>de</strong></span> <span class='ocrx_word' id='word_1_51' title='bbox 1416 1035 1573 1102; x_wconf 85' lang='lat' dir='ltr'><strong>Dobrowo</strong></span> <span class='ocrx_word' id='word_1_52' title='bbox 1591 1055 1662 1102; x_wconf 90' lang='lat' dir='ltr'><strong>curn</strong></span> <span class='ocrx_word' id='word_1_53' title='bbox 1682 1032 1827 1102; x_wconf 91' lang='lat' dir='ltr'><strong>omnibus</strong></span> <span class='ocrx_word' id='word_1_54' title='bbox 1841 1034 2020 1102; x_wconf 79' lang='lat' dir='ltr'><strong>attinentiis</strong></span> 
     </span>
     <span class='ocr_line' id='line_1_7' title="bbox 468 1134 2020 1222; baseline -0.003 -14"><span class='ocrx_word' id='word_1_55' title='bbox 468 1137 534 1208; x_wconf 85' lang='lat' dir='ltr'><strong>suis</strong></span> <span class='ocrx_word' id='word_1_56' title='bbox 555 1134 719 1222; x_wconf 83' lang='lat' dir='ltr'><strong>prelibatis</strong></span> <span class='ocrx_word' id='word_1_57' title='bbox 739 1134 847 1202; x_wconf 85' lang='lat' dir='ltr'><strong>abbati</strong></span> <span class='ocrx_word' id='word_1_58' title='bbox 869 1135 1039 1204; x_wconf 86' lang='lat' dir='ltr'><strong>Wilbelmo</strong></span> <span class='ocrx_word' id='word_1_59' title='bbox 1061 1137 1101 1206; x_wconf 92' lang='lat' dir='ltr'><strong>de</strong></span> <span class='ocrx_word' id='word_1_60' title='bbox 1119 1137 1255 1205; x_wconf 83' lang='lat' dir='ltr'><strong>Sulciow</strong></span> <span class='ocrx_word' id='word_1_61' title='bbox 1277 1143 1311 1203; x_wconf 89' lang='lat' dir='ltr'><strong>et</strong></span> <span class='ocrx_word' id='word_1_62' title='bbox 1332 1137 1400 1203; x_wconf 90' lang='lat' dir='ltr'><strong>eius</strong></span> <span class='ocrx_word' id='word_1_63' title='bbox 1422 1135 1599 1204; x_wconf 81' lang='lat' dir='ltr'><strong>conventui</strong></span> <span class='ocrx_word' id='word_1_64' title='bbox 1620 1144 1694 1221; x_wconf 91' lang='lat' dir='ltr'><strong>post</strong></span> <span class='ocrx_word' id='word_1_65' title='bbox 1714 1155 1804 1204; x_wconf 90' lang='lat' dir='ltr'><strong>suam</strong></span> <span class='ocrx_word' id='word_1_66' title='bbox 1825 1138 1925 1204; x_wconf 71' lang='lat' dir='ltr'><strong>dum</strong></span> <span class='ocrx_word' id='word_1_67' title='bbox 1946 1154 2020 1205; x_wconf 90' lang='lat' dir='ltr'><strong>eon·</strong></span> 
     </span>
     <span class='ocr_line' id='line_1_8' title="bbox 466 1237 2020 1325; baseline 0.001 -21"><span class='ocrx_word' id='word_1_68' title='bbox 466 1238 603 1325; x_wconf 59' lang='lat' dir='ltr'><strong>Quadi</strong></span> <span class='ocrx_word' id='word_1_69' title='bbox 624 1245 657 1305; x_wconf 91' lang='lat' dir='ltr'><strong>et</strong></span> <span class='ocrx_word' id='word_1_70' title='bbox 678 1237 823 1320; x_wconf 74' lang='lat' dir='ltr'><strong>tradidit,</strong></span> <span class='ocrx_word' id='word_1_71' title='bbox 853 1239 946 1323; x_wconf 91' lang='lat' dir='ltr'><strong>pleno</strong></span> <span class='ocrx_word' id='word_1_72' title='bbox 968 1240 1037 1308; x_wconf 88' lang='lat' dir='ltr'><strong>iure</strong></span> <span class='ocrx_word' id='word_1_73' title='bbox 1059 1239 1226 1309; x_wconf 89' lang='lat' dir='ltr'><strong>tenendam</strong></span> <span class='ocrx_word' id='word_1_74' title='bbox 1250 1258 1287 1306; x_wconf 90' lang='lat' dir='ltr'><strong>ac</strong></span> <span class='ocrx_word' id='word_1_75' title='bbox 1308 1239 1550 1324; x_wconf 84' lang='lat' dir='ltr'><strong>provoluntate</strong></span> <span class='ocrx_word' id='word_1_76' title='bbox 1571 1238 1727 1324; x_wconf 78' lang='lat' dir='ltr'><strong>generalis</strong></span> <span class='ocrx_word' id='word_1_77' title='bbox 1757 1238 1897 1323; x_wconf 81' lang='lat' dir='ltr'><strong>Capituli</strong></span> <span class='ocrx_word' id='word_1_78' title='bbox 1918 1239 2020 1324; x_wconf 90' lang='lat' dir='ltr'><strong>possi·</strong></span> 
     </span>
     <span class='ocr_line' id='line_1_9' title="bbox 467 1339 2020 1425; baseline -0.001 -15"><span class='ocrx_word' id='word_1_79' title='bbox 467 1340 613 1410; x_wconf 81' lang='lat' dir='ltr'><strong>deudam.</strong></span> <span class='ocrx_word' id='word_1_80' title='bbox 655 1339 693 1406; x_wconf 92' lang='lat' dir='ltr'><strong>ln</strong></span> <span class='ocrx_word' id='word_1_81' title='bbox 716 1340 804 1409; x_wconf 92' lang='lat' dir='ltr'><strong>euius</strong></span> <span class='ocrx_word' id='word_1_82' title='bbox 825 1341 902 1409; x_wconf 73' lang='lat' dir='ltr'><strong>aas</strong></span> <span class='ocrx_word' id='word_1_83' title='bbox 924 1343 1139 1410; x_wconf 88' lang='lat' dir='ltr'><strong>testimonium</strong></span> <span class='ocrx_word' id='word_1_84' title='bbox 1161 1350 1195 1410; x_wconf 91' lang='lat' dir='ltr'><strong>et</strong></span> <span class='ocrx_word' id='word_1_85' title='bbox 1213 1340 1310 1408; x_wconf 91' lang='lat' dir='ltr'><strong>robur</strong></span> <span class='ocrx_word' id='word_1_86' title='bbox 1331 1347 1486 1422; x_wconf 86' lang='lat' dir='ltr'><strong>eternum,</strong></span> <span class='ocrx_word' id='word_1_87' title='bbox 1509 1347 1688 1424; x_wconf 83' lang='lat' dir='ltr'><strong>presentem</strong></span> <span class='ocrx_word' id='word_1_88' title='bbox 1703 1340 1852 1425; x_wconf 77' lang='lat' dir='ltr'><strong>paginam</strong></span> <span class='ocrx_word' id='word_1_89' title='bbox 1866 1339 2020 1408; x_wconf 79' lang='lat' dir='ltr'><strong>conscribi</strong></span> 
     </span>
     <span class='ocr_line' id='line_1_10' title="bbox 466 1440 2020 1529; baseline -0.002 -16"><span class='ocrx_word' id='word_1_90' title='bbox 466 1444 544 1513; x_wconf 87' lang='lat' dir='ltr'><strong>iussi</strong></span> <span class='ocrx_word' id='word_1_91' title='bbox 565 1462 698 1529; x_wconf 88' lang='lat' dir='ltr'><strong>meoque</strong></span> <span class='ocrx_word' id='word_1_92' title='bbox 719 1443 822 1528; x_wconf 77' lang='lat' dir='ltr'><strong>sigillo</strong></span> <span class='ocrx_word' id='word_1_93' title='bbox 842 1462 881 1512; x_wconf 91' lang='lat' dir='ltr'><strong>ac</strong></span> <span class='ocrx_word' id='word_1_94' title='bbox 901 1443 1013 1528; x_wconf 79' lang='lat' dir='ltr'><strong>sigillis</strong></span> <span class='ocrx_word' id='word_1_95' title='bbox 1035 1443 1232 1510; x_wconf 87' lang='lat' dir='ltr'><strong>dominorum</strong></span> <span class='ocrx_word' id='word_1_96' title='bbox 1253 1442 1477 1528; x_wconf 87' lang='lat' dir='ltr'><strong>predictorum,</strong></span> <span class='ocrx_word' id='word_1_97' title='bbox 1499 1441 1645 1510; x_wconf 79' lang='lat' dir='ltr'><strong>Falconis</strong></span> <span class='ocrx_word' id='word_1_98' title='bbox 1667 1442 1895 1529; x_wconf 85' lang='lat' dir='ltr'><strong>archiepiscopi</strong></span> <span class='ocrx_word' id='word_1_99' title='bbox 1916 1440 2020 1510; x_wconf 72' lang='lat' dir='ltr'><strong>ena·</strong></span> 
     </span>
     <span class='ocr_line' id='line_1_11' title="bbox 275 1542 2020 1631; baseline -0.002 -16"><span class='ocrx_word' id='word_1_100' title='bbox 275 1599 279 1628; x_wconf 72' lang='lat'><strong>,</strong></span> <span class='ocrx_word' id='word_1_101' title='bbox 467 1546 572 1615; x_wconf 87' lang='lat' dir='ltr'><strong>nensis</strong></span> <span class='ocrx_word' id='word_1_102' title='bbox 604 1552 638 1614; x_wconf 94' lang='lat' dir='ltr'><strong>et</strong></span> <span class='ocrx_word' id='word_1_103' title='bbox 671 1544 843 1613; x_wconf 85' lang='lat' dir='ltr'><strong>Christiani</strong></span> <span class='ocrx_word' id='word_1_104' title='bbox 876 1546 1013 1631; x_wconf 87' lang='lat' dir='ltr'><strong>episcopi</strong></span> <span class='ocrx_word' id='word_1_105' title='bbox 1046 1545 1175 1613; x_wconf 83' lang='lat' dir='ltr'><strong>Prussie</strong></span> <span class='ocrx_word' id='word_1_106' title='bbox 1207 1542 1402 1612; x_wconf 89' lang='lat' dir='ltr'><strong>communiri.</strong></span> <span class='ocrx_word' id='word_1_107' title='bbox 1458 1542 1542 1610; x_wconf 79' lang='lat' dir='ltr'><strong>Acta</strong></span> <span class='ocrx_word' id='word_1_108' title='bbox 1570 1550 1646 1611; x_wconf 89' lang='lat' dir='ltr'><strong>sunt</strong></span> <span class='ocrx_word' id='word_1_109' title='bbox 1680 1545 1740 1613; x_wconf 88' lang='lat' dir='ltr'><strong>bec</strong></span> <span class='ocrx_word' id='word_1_110' title='bbox 1772 1562 1857 1613; x_wconf 87' lang='lat' dir='ltr'><strong>anno</strong></span> <span class='ocrx_word' id='word_1_111' title='bbox 1892 1544 2020 1612; x_wconf 89' lang='lat' dir='ltr'><strong>Domini</strong></span> 
     </span>
    </p>

    <p class='ocr_par' dir='ltr' id='par_1_3' title="bbox 273 1637 2095 2758">
     <span class='ocr_line' id='line_1_12' title="bbox 407 1637 2019 1732; baseline -0.002 -13"><span class='ocrx_word' id='word_1_112' title='bbox 407 1637 411 1645; x_wconf 70' lang='grc'><em>’</em></span> <span class='ocrx_word' id='word_1_113' title='bbox 466 1646 709 1730; x_wconf 80' lang='grc' dir='ltr'><strong>Μ.00.ΧΧΧΙΙ,</strong></span> <span class='ocrx_word' id='word_1_114' title='bbox 732 1647 907 1716; x_wconf 85' lang='lat' dir='ltr'><strong>Indictione</strong></span> <span class='ocrx_word' id='word_1_115' title='bbox 927 1649 1049 1732; x_wconf 89' lang='lat' dir='ltr'><strong>quinta,</strong></span> <span class='ocrx_word' id='word_1_116' title='bbox 1080 1649 1112 1714; x_wconf 94' lang='lat' dir='ltr'><strong>in</strong></span> <span class='ocrx_word' id='word_1_117' title='bbox 1134 1646 1216 1716; x_wconf 81' lang='lat' dir='ltr'><strong>festo</strong></span> <span class='ocrx_word' id='word_1_118' title='bbox 1237 1647 1404 1714; x_wconf 89' lang='lat' dir='ltr'><strong>beatorum</strong></span> <span class='ocrx_word' id='word_1_119' title='bbox 1424 1645 1640 1730; x_wconf 90' lang='lat' dir='ltr'><strong>apostolorum</strong></span> <span class='ocrx_word' id='word_1_120' title='bbox 1661 1646 1748 1716; x_wconf 86' lang='lat' dir='ltr'><strong>Petri</strong></span> <span class='ocrx_word' id='word_1_121' title='bbox 1770 1654 1805 1716; x_wconf 94' lang='lat' dir='ltr'><strong>et</strong></span> <span class='ocrx_word' id='word_1_122' title='bbox 1823 1646 1926 1730; x_wconf 86' lang='lat' dir='ltr'><strong>Pauli,</strong></span> <span class='ocrx_word' id='word_1_123' title='bbox 1948 1665 2019 1732; x_wconf 90' lang='lat' dir='ltr'><strong>pre·</strong></span> 
     </span>
     <span class='ocr_line' id='line_1_13' title="bbox 273 1740 2019 1836; baseline 0.003 -25"><span class='ocrx_word' id='word_1_124' title='bbox 273 1774 281 1811; x_wconf 74' lang='lat' dir='ltr'><strong>s</strong></span> <span class='ocrx_word' id='word_1_125' title='bbox 466 1748 609 1820; x_wconf 76' lang='lat' dir='ltr'><strong>ssnbbus</strong></span> <span class='ocrx_word' id='word_1_126' title='bbox 629 1749 735 1836; x_wconf 89' lang='lat' dir='ltr'><strong>probis</strong></span> <span class='ocrx_word' id='word_1_127' title='bbox 756 1750 832 1816; x_wconf 79' lang='lat' dir='ltr'><strong>viris</strong></span> <span class='ocrx_word' id='word_1_128' title='bbox 855 1754 889 1817; x_wconf 91' lang='lat' dir='ltr'><strong>et</strong></span> <span class='ocrx_word' id='word_1_129' title='bbox 909 1749 1058 1817; x_wconf 78' lang='lat' dir='ltr'><strong>domas:</strong></span> <span class='ocrx_word' id='word_1_130' title='bbox 1081 1749 1252 1817; x_wconf 80' lang='lat' dir='ltr'><strong>Baldevino</strong></span> <span class='ocrx_word' id='word_1_131' title='bbox 1275 1747 1453 1816; x_wconf 85' lang='lat' dir='ltr'><strong>Gneznensi</strong></span> <span class='ocrx_word' id='word_1_132' title='bbox 1467 1753 1502 1815; x_wconf 88' lang='lat' dir='ltr'><strong>et</strong></span> <span class='ocrx_word' id='word_1_133' title='bbox 1515 1740 1646 1815; x_wconf 66' lang='lat' dir='ltr'><strong>&#39;Alberbo</strong></span> <span class='ocrx_word' id='word_1_134' title='bbox 1669 1748 1867 1818; x_wconf 88' lang='lat' dir='ltr'><strong>Lanciciensi</strong></span> <span class='ocrx_word' id='word_1_135' title='bbox 1879 1748 2019 1833; x_wconf 88' lang='lat' dir='ltr'><strong>decanis,</strong></span> 
     </span>
     <span class='ocr_line' id='line_1_14' title="bbox 466 1849 2019 1937; baseline 0.001 -18"><span class='ocrx_word' id='word_1_136' title='bbox 466 1852 619 1937; x_wconf 74' lang='lat' dir='ltr'><strong>magistm</strong></span> <span class='ocrx_word' id='word_1_137' title='bbox 639 1851 768 1919; x_wconf 79' lang='lat' dir='ltr'><strong>lindrea</strong></span> <span class='ocrx_word' id='word_1_138' title='bbox 788 1851 828 1919; x_wconf 91' lang='lat' dir='ltr'><strong>de</strong></span> <span class='ocrx_word' id='word_1_139' title='bbox 850 1850 1003 1919; x_wconf 74' lang='lat' dir='ltr'><strong>cracovia</strong></span> <span class='ocrx_word' id='word_1_140' title='bbox 1023 1858 1061 1918; x_wconf 91' lang='lat' dir='ltr'><strong>et</strong></span> <span class='ocrx_word' id='word_1_141' title='bbox 1074 1850 1236 1936; x_wconf 85' lang='lat' dir='ltr'><strong>Stephano</strong></span> <span class='ocrx_word' id='word_1_142' title='bbox 1251 1851 1438 1918; x_wconf 80' lang='lat' dir='ltr'><strong>macedarr’o</strong></span> <span class='ocrx_word' id='word_1_143' title='bbox 1453 1868 1539 1933; x_wconf 86' lang='lat' dir='ltr'><strong>meo;</strong></span> <span class='ocrx_word' id='word_1_144' title='bbox 1560 1849 1638 1919; x_wconf 85' lang='lat' dir='ltr'><strong>item</strong></span> <span class='ocrx_word' id='word_1_145' title='bbox 1652 1851 1788 1920; x_wconf 87' lang='lat' dir='ltr'><strong>larostio</strong></span> <span class='ocrx_word' id='word_1_146' title='bbox 1802 1851 2019 1935; x_wconf 90' lang='lat' dir='ltr'><strong>Posnanieasi,</strong></span> 
     </span>
     <span class='ocr_line' id='line_1_15' title="bbox 466 1950 2021 2039; baseline 0 -16"><span class='ocrx_word' id='word_1_147' title='bbox 466 1953 621 2023; x_wconf 74' lang='lat' dir='ltr'><strong>Pabeone</strong></span> <span class='ocrx_word' id='word_1_148' title='bbox 642 1951 826 2022; x_wconf 85' lang='lat' dir='ltr'><strong>Santacensi</strong></span> <span class='ocrx_word' id='word_1_149' title='bbox 848 1959 882 2022; x_wconf 88' lang='lat' dir='ltr'><strong>et</strong></span> <span class='ocrx_word' id='word_1_150' title='bbox 895 1952 1066 2022; x_wconf 77' lang='lat' dir='ltr'><strong>vincencio</strong></span> <span class='ocrx_word' id='word_1_151' title='bbox 1080 1953 1121 2021; x_wconf 89' lang='lat' dir='ltr'><strong>de</strong></span> <span class='ocrx_word' id='word_1_152' title='bbox 1136 1952 1272 2021; x_wconf 87' lang='lat' dir='ltr'><strong>Sbansin</strong></span> <span class='ocrx_word' id='word_1_153' title='bbox 1286 1952 1482 2035; x_wconf 86' lang='lat' dir='ltr'><strong>castellanis;</strong></span> <span class='ocrx_word' id='word_1_154' title='bbox 1500 1950 1637 2022; x_wconf 86' lang='lat' dir='ltr'><strong>Nemera</strong></span> <span class='ocrx_word' id='word_1_155' title='bbox 1650 1955 1801 2039; x_wconf 88' lang='lat' dir='ltr'><strong>pincerna</strong></span> <span class='ocrx_word' id='word_1_156' title='bbox 1813 1973 1893 2037; x_wconf 88' lang='lat' dir='ltr'><strong>meo,</strong></span> <span class='ocrx_word' id='word_1_157' title='bbox 1908 1954 2021 2023; x_wconf 77' lang='lat' dir='ltr'><strong>ldslao</strong></span> 
     </span>
     <span class='ocr_line' id='line_1_16' title="bbox 466 2054 2095 2140; baseline -0.001 -17"><span class='ocrx_word' id='word_1_158' title='bbox 466 2054 638 2139; x_wconf 74' lang='lat' dir='ltr'><strong>resiliisse,</strong></span> <span class='ocrx_word' id='word_1_159' title='bbox 667 2054 842 2124; x_wconf 77' lang='lat' dir='ltr'><strong>laurencio</strong></span> <span class='ocrx_word' id='word_1_160' title='bbox 872 2061 1034 2138; x_wconf 81' lang='lat' dir='ltr'><strong>venatore,</strong></span> <span class='ocrx_word' id='word_1_161' title='bbox 1063 2062 1098 2123; x_wconf 88' lang='lat' dir='ltr'><strong>et</strong></span> <span class='ocrx_word' id='word_1_162' title='bbox 1122 2056 1195 2124; x_wconf 88' lang='lat' dir='ltr'><strong>aliis</strong></span> <span class='ocrx_word' id='word_1_163' title='bbox 1221 2055 1340 2123; x_wconf 87' lang='lat' dir='ltr'><strong>multis.</strong></span> <span class='ocrx_word' id='word_1_164' title='bbox 1383 2054 1453 2140; x_wconf 75' lang='lat' dir='ltr'><strong>Ego</strong></span> <span class='ocrx_word' id='word_1_165' title='bbox 1478 2055 1579 2124; x_wconf 90' lang='lat' dir='ltr'><strong>eciam</strong></span> <span class='ocrx_word' id='word_1_166' title='bbox 1606 2055 1727 2123; x_wconf 86' lang='lat' dir='ltr'><strong>intuitu</strong></span> <span class='ocrx_word' id='word_1_167' title='bbox 1754 2057 2021 2126; x_wconf 86' lang='lat' dir='ltr'><strong>remuneracionis</strong></span> <span class='ocrx_word' id='word_1_168' title='bbox 2093 2118 2095 2122; x_wconf 14' lang='lat' dir='ltr'><strong>a</strong></span> 
     </span>
     <span class='ocr_line' id='line_1_17' title="bbox 467 2137 2083 2243; baseline 0 -16"><span class='ocrx_word' id='word_1_169' title='bbox 467 2157 592 2241; x_wconf 73' lang='lat' dir='ltr'><strong>dimne,</strong></span> <span class='ocrx_word' id='word_1_170' title='bbox 614 2175 723 2227; x_wconf 86' lang='lat' dir='ltr'><strong>ornnes</strong></span> <span class='ocrx_word' id='word_1_171' title='bbox 744 2157 908 2227; x_wconf 85' lang='lat' dir='ltr'><strong>libertates</strong></span> <span class='ocrx_word' id='word_1_172' title='bbox 934 2178 955 2226; x_wconf 91' lang='lat' dir='ltr'><strong>a</strong></span> <span class='ocrx_word' id='word_1_173' title='bbox 978 2157 1250 2243; x_wconf 81' lang='lat' dir='ltr'><strong>predecessoribus</strong></span> <span class='ocrx_word' id='word_1_174' title='bbox 1278 2157 1357 2225; x_wconf 88' lang='lat' dir='ltr'><strong>meis</strong></span> <span class='ocrx_word' id='word_1_175' title='bbox 1383 2157 1533 2226; x_wconf 89' lang='lat' dir='ltr'><strong>solemnis</strong></span> <span class='ocrx_word' id='word_1_176' title='bbox 1552 2157 1704 2226; x_wconf 90' lang='lat' dir='ltr'><strong>memorie</strong></span> <span class='ocrx_word' id='word_1_177' title='bbox 1722 2157 1855 2227; x_wconf 88' lang='lat' dir='ltr'><strong>ducibus</strong></span> <span class='ocrx_word' id='word_1_178' title='bbox 1875 2158 2020 2228; x_wconf 87' lang='lat' dir='ltr'><strong>Polonie:</strong></span> <span class='ocrx_word' id='word_1_179' title='bbox 2074 2137 2083 2162; x_wconf 71' lang='lat'>⁸</span> 
     </span>
     <span class='ocr_line' id='line_1_18' title="bbox 467 2258 2020 2346; baseline 0.002 -18"><span class='ocrx_word' id='word_1_180' title='bbox 467 2258 616 2328; x_wconf 85' lang='lat' dir='ltr'><strong>blescone</strong></span> <span class='ocrx_word' id='word_1_181' title='bbox 637 2277 696 2328; x_wconf 83' lang='lat' dir='ltr'><strong>avo</strong></span> <span class='ocrx_word' id='word_1_182' title='bbox 714 2278 795 2343; x_wconf 92' lang='lat' dir='ltr'><strong>meo,</strong></span> <span class='ocrx_word' id='word_1_183' title='bbox 817 2259 981 2328; x_wconf 81' lang='lat' dir='ltr'><strong>vladislao</strong></span> <span class='ocrx_word' id='word_1_184' title='bbox 1003 2266 1119 2346; x_wconf 79' lang='lat' dir='ltr'><strong>patrum</strong></span> <span class='ocrx_word' id='word_1_185' title='bbox 1144 2279 1214 2328; x_wconf 82' lang='lat' dir='ltr'><strong>meo</strong></span> <span class='ocrx_word' id='word_1_186' title='bbox 1242 2278 1280 2327; x_wconf 89' lang='lat' dir='ltr'><strong>ac</strong></span> <span class='ocrx_word' id='word_1_187' title='bbox 1301 2258 1411 2328; x_wconf 69' lang='lat' dir='ltr'><strong>Mona</strong></span> <span class='ocrx_word' id='word_1_188' title='bbox 1432 2265 1525 2345; x_wconf 88' lang='lat' dir='ltr'><strong>patre</strong></span> <span class='ocrx_word' id='word_1_189' title='bbox 1545 2277 1627 2342; x_wconf 89' lang='lat' dir='ltr'><strong>meo,</strong></span> <span class='ocrx_word' id='word_1_190' title='bbox 1649 2260 1808 2346; x_wconf 82' lang='lat' dir='ltr'><strong>sepedicta</strong></span> <span class='ocrx_word' id='word_1_191' title='bbox 1829 2261 1960 2330; x_wconf 80' lang='lat' dir='ltr'><strong>ecclesie</strong></span> <span class='ocrx_word' id='word_1_192' title='bbox 1978 2260 2020 2330; x_wconf 86' lang='lat' dir='ltr'><strong>de</strong></span> 
     </span>
     <span class='ocr_line' id='line_1_19' title="bbox 466 2360 2021 2448; baseline 0.002 -18"><span class='ocrx_word' id='word_1_193' title='bbox 466 2361 615 2445; x_wconf 75' lang='lat' dir='ltr'><strong>Dabrona,</strong></span> <span class='ocrx_word' id='word_1_194' title='bbox 635 2363 885 2448; x_wconf 57' lang='lat' dir='ltr'><strong>macedonibus</strong></span> <span class='ocrx_word' id='word_1_195' title='bbox 905 2364 974 2431; x_wconf 85' lang='lat' dir='ltr'><strong>eins</strong></span> <span class='ocrx_word' id='word_1_196' title='bbox 992 2369 1027 2432; x_wconf 91' lang='lat' dir='ltr'><strong>et</strong></span> <span class='ocrx_word' id='word_1_197' title='bbox 1045 2361 1159 2430; x_wconf 90' lang='lat' dir='ltr'><strong>incolis</strong></span> <span class='ocrx_word' id='word_1_198' title='bbox 1179 2381 1288 2431; x_wconf 86' lang='lat' dir='ltr'><strong>earum</strong></span> <span class='ocrx_word' id='word_1_199' title='bbox 1310 2362 1525 2447; x_wconf 87' lang='lat' dir='ltr'><strong>cuiuscunque</strong></span> <span class='ocrx_word' id='word_1_200' title='bbox 1538 2360 1730 2431; x_wconf 72' lang='lat' dir='ltr'><strong>conffidonis</strong></span> <span class='ocrx_word' id='word_1_201' title='bbox 1744 2363 1889 2446; x_wconf 87' lang='lat' dir='ltr'><strong>collatas,</strong></span> <span class='ocrx_word' id='word_1_202' title='bbox 1903 2381 2021 2433; x_wconf 75' lang='lat' dir='ltr'><strong>renovo</strong></span> 
     </span>
     <span class='ocr_line' id='line_1_20' title="bbox 467 2463 2020 2552; baseline 0.002 -20"><span class='ocrx_word' id='word_1_203' title='bbox 467 2469 502 2532; x_wconf 90' lang='lat' dir='ltr'><strong>ct</strong></span> <span class='ocrx_word' id='word_1_204' title='bbox 521 2463 685 2534; x_wconf 85' lang='lat' dir='ltr'><strong>confirmo:</strong></span> <span class='ocrx_word' id='word_1_205' title='bbox 707 2464 855 2533; x_wconf 84' lang='lat' dir='ltr'><strong>videlieet</strong></span> <span class='ocrx_word' id='word_1_206' title='bbox 873 2466 959 2552; x_wconf 85' lang='lat' dir='ltr'><strong>qnod</strong></span> <span class='ocrx_word' id='word_1_207' title='bbox 979 2465 1030 2533; x_wconf 92' lang='lat' dir='ltr'><strong>lus</strong></span> <span class='ocrx_word' id='word_1_208' title='bbox 1050 2465 1179 2552; x_wconf 90' lang='lat' dir='ltr'><strong>plenum</strong></span> <span class='ocrx_word' id='word_1_209' title='bbox 1200 2465 1386 2550; x_wconf 86' lang='lat' dir='ltr'><strong>piscacionis</strong></span> <span class='ocrx_word' id='word_1_210' title='bbox 1407 2470 1442 2533; x_wconf 88' lang='lat' dir='ltr'><strong>et</strong></span> <span class='ocrx_word' id='word_1_211' title='bbox 1461 2470 1623 2533; x_wconf 75' lang='lat' dir='ltr'><strong>matorum</strong></span> <span class='ocrx_word' id='word_1_212' title='bbox 1643 2463 1763 2533; x_wconf 88' lang='lat' dir='ltr'><strong>babent</strong></span> <span class='ocrx_word' id='word_1_213' title='bbox 1783 2465 1817 2535; x_wconf 92' lang='lat' dir='ltr'><strong>in</strong></span> <span class='ocrx_word' id='word_1_214' title='bbox 1838 2464 2020 2535; x_wconf 80' lang='lat' dir='ltr'><strong>fluminibus</strong></span> 
     </span>
     <span class='ocr_line' id='line_1_21' title="bbox 468 2566 2021 2654; baseline 0.003 -20"><span class='ocrx_word' id='word_1_215' title='bbox 468 2566 583 2637; x_wconf 78' lang='lat' dir='ltr'><strong>warte</strong></span> <span class='ocrx_word' id='word_1_216' title='bbox 601 2574 636 2636; x_wconf 87' lang='lat' dir='ltr'><strong>et</strong></span> <span class='ocrx_word' id='word_1_217' title='bbox 653 2566 723 2653; x_wconf 73' lang='lat' dir='ltr'><strong>syr</strong></span> <span class='ocrx_word' id='word_1_218' title='bbox 754 2568 838 2636; x_wconf 84' lang='lat' dir='ltr'><strong>inter</strong></span> <span class='ocrx_word' id='word_1_219' title='bbox 865 2569 1018 2637; x_wconf 89' lang='lat' dir='ltr'><strong>terminas</strong></span> <span class='ocrx_word' id='word_1_220' title='bbox 1044 2568 1251 2654; x_wconf 70' lang='lat' dir='ltr'><strong>massada</strong></span> <span class='ocrx_word' id='word_1_221' title='bbox 1283 2587 1350 2638; x_wconf 88' lang='lat' dir='ltr'><strong>sue.</strong></span> <span class='ocrx_word' id='word_1_222' title='bbox 1394 2567 1463 2637; x_wconf 82' lang='lat' dir='ltr'><strong>Nec</strong></span> <span class='ocrx_word' id='word_1_223' title='bbox 1488 2567 1617 2651; x_wconf 73' lang='lat' dir='ltr'><strong>siquod</strong></span> <span class='ocrx_word' id='word_1_224' title='bbox 1641 2568 1777 2654; x_wconf 79' lang='lat' dir='ltr'><strong>rectlgal</strong></span> <span class='ocrx_word' id='word_1_225' title='bbox 1805 2567 1941 2652; x_wconf 86' lang='lat' dir='ltr'><strong>ducunt,</strong></span> <span class='ocrx_word' id='word_1_226' title='bbox 1962 2588 2021 2638; x_wconf 87' lang='lat' dir='ltr'><strong>nec</strong></span> 
     </span>
     <span class='ocr_line' id='line_1_22' title="bbox 467 2668 2021 2758; baseline -0.001 -18"><span class='ocrx_word' id='word_1_227' title='bbox 467 2670 607 2758; x_wconf 66' lang='lat' dir='ltr'><strong>ffiqmm</strong></span> <span class='ocrx_word' id='word_1_228' title='bbox 628 2669 819 2739; x_wconf 83' lang='lat' dir='ltr'><strong>solucionem</strong></span> <span class='ocrx_word' id='word_1_229' title='bbox 839 2670 936 2739; x_wconf 88' lang='lat' dir='ltr'><strong>michi</strong></span> <span class='ocrx_word' id='word_1_230' title='bbox 956 2672 1007 2740; x_wconf 86' lang='lat' dir='ltr'><strong>rel</strong></span> <span class='ocrx_word' id='word_1_231' title='bbox 1028 2672 1109 2740; x_wconf 89' lang='lat' dir='ltr'><strong>meis</strong></span> <span class='ocrx_word' id='word_1_232' title='bbox 1129 2671 1311 2739; x_wconf 73' lang='lat' dir='ltr'><strong>matelbnis</strong></span> <span class='ocrx_word' id='word_1_233' title='bbox 1324 2676 1382 2739; x_wconf 84' lang='lat' dir='ltr'><strong>aut</strong></span> <span class='ocrx_word' id='word_1_234' title='bbox 1395 2668 1582 2739; x_wconf 74' lang='lat' dir='ltr'><strong>omousius</strong></span> <span class='ocrx_word' id='word_1_235' title='bbox 1603 2671 1731 2738; x_wconf 84' lang='lat' dir='ltr'><strong>solvunt</strong></span> <span class='ocrx_word' id='word_1_236' title='bbox 1743 2689 1803 2740; x_wconf 89' lang='lat' dir='ltr'><strong>nec</strong></span> <span class='ocrx_word' id='word_1_237' title='bbox 1820 2689 1928 2741; x_wconf 89' lang='lat' dir='ltr'><strong>coram</strong></span> <span class='ocrx_word' id='word_1_238' title='bbox 1941 2671 2021 2757; x_wconf 89' lang='lat' dir='ltr'><strong>ipsis</strong></span> 
     </span>
    </p>
   </div>
   <div class='ocr_carea' id='block_1_3' title="bbox 468 2771 2139 2860">
    <p class='ocr_par' dir='ltr' id='par_1_4' title="bbox 468 2771 2139 2860">
     <span class='ocr_line' id='line_1_23' title="bbox 468 2771 2139 2860; baseline 0.001 -17"><span class='ocrx_word' id='word_1_239' title='bbox 468 2773 619 2856; x_wconf 81' lang='lat' dir='ltr'><strong>citantm,</strong></span> <span class='ocrx_word' id='word_1_240' title='bbox 640 2771 696 2841; x_wconf 90' lang='lat' dir='ltr'><strong>sed</strong></span> <span class='ocrx_word' id='word_1_241' title='bbox 716 2771 758 2840; x_wconf 87' lang='lat' dir='ltr'><strong>ad</strong></span> <span class='ocrx_word' id='word_1_242' title='bbox 777 2791 882 2841; x_wconf 88' lang='lat' dir='ltr'><strong>meam</strong></span> <span class='ocrx_word' id='word_1_243' title='bbox 909 2775 1106 2860; x_wconf 87' lang='lat' dir='ltr'><strong>presenciam</strong></span> <span class='ocrx_word' id='word_1_244' title='bbox 1133 2779 1259 2842; x_wconf 86' lang='lat' dir='ltr'><strong>tantum</strong></span> <span class='ocrx_word' id='word_1_245' title='bbox 1285 2792 1344 2860; x_wconf 87' lang='lat' dir='ltr'><strong>per</strong></span> <span class='ocrx_word' id='word_1_246' title='bbox 1364 2773 1491 2842; x_wconf 83' lang='lat' dir='ltr'><strong>literam</strong></span> <span class='ocrx_word' id='word_1_247' title='bbox 1516 2792 1588 2842; x_wconf 90' lang='lat' dir='ltr'><strong>meo</strong></span> <span class='ocrx_word' id='word_1_248' title='bbox 1612 2774 1730 2843; x_wconf 70' lang='lat' dir='ltr'><strong>annulo</strong></span> <span class='ocrx_word' id='word_1_249' title='bbox 1758 2773 1933 2858; x_wconf 66' lang='lat' dir='ltr'><strong>sigaeum</strong></span> <span class='ocrx_word' id='word_1_250' title='bbox 1961 2792 2020 2844; x_wconf 84' lang='lat' dir='ltr'><strong>nac</strong></span> <span class='ocrx_word' id='word_1_251' title='bbox 2137 2823 2139 2826; x_wconf 91' lang='lat'>-</span> 
     </span>
    </p>
   </div>
   <div class='ocr_carea' id='block_1_4' title="bbox 467 2874 2022 3072">
    <p class='ocr_par' dir='ltr' id='par_1_5' title="bbox 467 2874 2022 3072">
     <span class='ocr_line' id='line_1_24' title="bbox 468 2874 2021 2969; baseline 0.001 -25"><span class='ocrx_word' id='word_1_252' title='bbox 468 2881 566 2963; x_wconf 79' lang='lat' dir='ltr'><strong>capnt</strong></span> <span class='ocrx_word' id='word_1_253' title='bbox 585 2874 689 2944; x_wconf 80' lang='lat' dir='ltr'><strong>michi-</strong></span> <span class='ocrx_word' id='word_1_254' title='bbox 701 2880 761 2943; x_wconf 89' lang='lat' dir='ltr'><strong>ant</strong></span> <span class='ocrx_word' id='word_1_255' title='bbox 780 2875 859 2944; x_wconf 91' lang='lat' dir='ltr'><strong>meis</strong></span> <span class='ocrx_word' id='word_1_256' title='bbox 877 2876 1006 2945; x_wconf 83' lang='lat' dir='ltr'><strong>solvunt</strong></span> <span class='ocrx_word' id='word_1_257' title='bbox 1024 2895 1084 2945; x_wconf 90' lang='lat' dir='ltr'><strong>nec</strong></span> <span class='ocrx_word' id='word_1_258' title='bbox 1104 2877 1316 2964; x_wconf 79' lang='lat' dir='ltr'><strong>septuaginta,</strong></span> <span class='ocrx_word' id='word_1_259' title='bbox 1330 2895 1442 2969; x_wconf 25' lang='lat' dir='ltr'><strong>‚neque</strong></span> <span class='ocrx_word' id='word_1_260' title='bbox 1463 2883 1571 2946; x_wconf 88' lang='lat' dir='ltr'><strong>castra</strong></span> <span class='ocrx_word' id='word_1_261' title='bbox 1591 2895 1649 2946; x_wconf 88' lang='lat' dir='ltr'><strong>nec</strong></span> <span class='ocrx_word' id='word_1_262' title='bbox 1666 2881 1780 2964; x_wconf 83' lang='lat' dir='ltr'><strong>pontes</strong></span> <span class='ocrx_word' id='word_1_263' title='bbox 1801 2875 1951 2945; x_wconf 86' lang='lat' dir='ltr'><strong>edificant</strong></span> <span class='ocrx_word' id='word_1_264' title='bbox 1970 2875 2021 2946; x_wconf 82' lang='lat' dir='ltr'><strong>rel</strong></span> 
     </span>
     <span class='ocr_line' id='line_1_25' title="bbox 467 2976 2022 3072; baseline 0 -25"><span class='ocrx_word' id='word_1_265' title='bbox 467 2977 648 3062; x_wconf 71' lang='lat' dir='ltr'><strong>madent,</strong></span> <span class='ocrx_word' id='word_1_266' title='bbox 668 2996 729 3047; x_wconf 88' lang='lat' dir='ltr'><strong>nec</strong></span> <span class='ocrx_word' id='word_1_267' title='bbox 749 2977 791 3046; x_wconf 87' lang='lat' dir='ltr'><strong>ad</strong></span> <span class='ocrx_word' id='word_1_268' title='bbox 810 2978 1029 3064; x_wconf 79' lang='lat' dir='ltr'><strong>expediciones</strong></span> <span class='ocrx_word' id='word_1_269' title='bbox 1049 2979 1185 3060; x_wconf 84' lang='lat' dir='ltr'><strong>radunt;</strong></span> <span class='ocrx_word' id='word_1_270' title='bbox 1214 2978 1272 3072; x_wconf 86' lang='lat' dir='ltr'><strong>sed</strong></span> <span class='ocrx_word' id='word_1_271' title='bbox 1293 2978 1476 3064; x_wconf 74' lang='lat' dir='ltr'><strong>peremnis</strong></span> <span class='ocrx_word' id='word_1_272' title='bbox 1495 2978 1627 3049; x_wconf 86' lang='lat' dir='ltr'><strong>ecclesie</strong></span> <span class='ocrx_word' id='word_1_273' title='bbox 1647 2979 1682 3048; x_wconf 92' lang='lat' dir='ltr'><strong>in</strong></span> <span class='ocrx_word' id='word_1_274' title='bbox 1703 2977 1841 3048; x_wconf 76' lang='lat' dir='ltr'><strong>Dobrow</strong></span> <span class='ocrx_word' id='word_1_275' title='bbox 1859 2982 1894 3047; x_wconf 89' lang='lat' dir='ltr'><strong>et</strong></span> <span class='ocrx_word' id='word_1_276' title='bbox 1913 2976 2022 3047; x_wconf 75' lang='lat' dir='ltr'><strong>bairi·</strong></span> 
     </span>
    </p>
   </div>
   <div class='ocr_carea' id='block_1_5' title="bbox 269 3066 2021 3174">
    <p class='ocr_par' dir='ltr' id='par_1_6' title="bbox 269 3066 2021 3174">
     <span class='ocr_line' id='line_1_26' title="bbox 269 3066 2021 3174; baseline -0.004 -18"><span class='ocrx_word' id='word_1_277' title='bbox 269 3160 277 3174; x_wconf 62' lang='grc'><strong>,</strong></span> <span class='ocrx_word' id='word_1_278' title='bbox 411 3154 428 3169; x_wconf 55' lang='grc'><strong>,,</strong></span> <span class='ocrx_word' id='word_1_279' title='bbox 467 3078 1198 3168; x_wconf 62' lang='lat' dir='ltr'><strong>mpossaaaoubuamlagiumaqnieta</strong></span> <span class='ocrx_word' id='word_1_280' title='bbox 1221 3066 1642 3165; x_wconf 71' lang='lat' dir='ltr'><strong>desemilntlnetemum</strong></span> <span class='ocrx_word' id='word_1_281' title='bbox 1684 3080 1754 3150; x_wconf 87' lang='lat' dir='ltr'><strong>Hos</strong></span> <span class='ocrx_word' id='word_1_282' title='bbox 1776 3080 2021 3150; x_wconf 62' lang='lat' dir='ltr'><strong>mammaea</strong></span> 
     </span>
    </p>
   </div>
   <div class='ocr_carea' id='block_1_6' title="bbox 268 3181 2087 3631">
    <p class='ocr_par' dir='ltr' id='par_1_7' title="bbox 268 3181 2087 3476">
     <span class='ocr_line' id='line_1_27' title="bbox 468 3181 2024 3270; baseline 0 -18"><span class='ocrx_word' id='word_1_283' title='bbox 468 3182 504 3252; x_wconf 90' lang='lat' dir='ltr'><strong>ln</strong></span> <span class='ocrx_word' id='word_1_284' title='bbox 524 3183 754 3269; x_wconf 85' lang='lat' dir='ltr'><strong>protectionem</strong></span> <span class='ocrx_word' id='word_1_285' title='bbox 774 3202 879 3254; x_wconf 86' lang='lat' dir='ltr'><strong>mecm</strong></span> <span class='ocrx_word' id='word_1_286' title='bbox 899 3185 1036 3270; x_wconf 88' lang='lat' dir='ltr'><strong>suscipio</strong></span> <span class='ocrx_word' id='word_1_287' title='bbox 1058 3203 1097 3254; x_wconf 87' lang='lat' dir='ltr'><strong>ac</strong></span> <span class='ocrx_word' id='word_1_288' title='bbox 1125 3185 1216 3254; x_wconf 88' lang='lat' dir='ltr'><strong>meis</strong></span> <span class='ocrx_word' id='word_1_289' title='bbox 1233 3183 1468 3254; x_wconf 65' lang='lat' dir='ltr'><strong>succesoribus</strong></span> <span class='ocrx_word' id='word_1_290' title='bbox 1492 3183 1529 3251; x_wconf 89' lang='lat' dir='ltr'><strong>in</strong></span> <span class='ocrx_word' id='word_1_291' title='bbox 1552 3201 1610 3270; x_wconf 89' lang='lat' dir='ltr'><strong>spe</strong></span> <span class='ocrx_word' id='word_1_292' title='bbox 1629 3183 1896 3254; x_wconf 80' lang='lat' dir='ltr'><strong>remunemcienis</strong></span> <span class='ocrx_word' id='word_1_293' title='bbox 1916 3181 2024 3252; x_wconf 74' lang='lat' dir='ltr'><strong>duna</strong></span> 
     </span>
     <span class='ocr_line' id='line_1_28' title="bbox 277 3284 2087 3384; baseline 0 -28"><span class='ocrx_word' id='word_1_294' title='bbox 277 3312 279 3317; x_wconf 94' lang='lat'>·</span> <span class='ocrx_word' id='word_1_295' title='bbox 468 3303 594 3371; x_wconf 83' lang='lat' dir='ltr'><strong>semper</strong></span> <span class='ocrx_word' id='word_1_296' title='bbox 618 3285 829 3375; x_wconf 55' lang='lat' dir='ltr'><strong>premendos</strong></span> <span class='ocrx_word' id='word_1_297' title='bbox 847 3288 1022 3356; x_wconf 88' lang='lat' dir='ltr'><strong>committo.</strong></span> <span class='ocrx_word' id='word_1_298' title='bbox 1065 3288 1111 3356; x_wconf 82' lang='lat' dir='ltr'><strong>Et</strong></span> <span class='ocrx_word' id='word_1_299' title='bbox 1128 3287 1308 3384; x_wconf 74' lang='lat' dir='ltr'><strong>amenaque</strong></span> <span class='ocrx_word' id='word_1_300' title='bbox 1328 3304 1383 3356; x_wconf 89' lang='lat' dir='ltr'><strong>eos</strong></span> <span class='ocrx_word' id='word_1_301' title='bbox 1404 3286 1574 3354; x_wconf 80' lang='lat' dir='ltr'><strong>molestare</strong></span> <span class='ocrx_word' id='word_1_302' title='bbox 1593 3285 1840 3373; x_wconf 80' lang='lat' dir='ltr'><strong>presumpserit,</strong></span> <span class='ocrx_word' id='word_1_303' title='bbox 1857 3304 1879 3355; x_wconf 87' lang='lat' dir='ltr'><strong>a</strong></span> <span class='ocrx_word' id='word_1_304' title='bbox 1898 3284 1968 3355; x_wconf 87' lang='lat' dir='ltr'><strong>Deo</strong></span> <span class='ocrx_word' id='word_1_305' title='bbox 1987 3291 2023 3356; x_wconf 85' lang='lat' dir='ltr'><strong>ct</strong></span> <span class='ocrx_word' id='word_1_306' title='bbox 2085 3360 2087 3365; x_wconf 60' lang='grc'>,</span> 
     </span>
     <span class='ocr_line' id='line_1_29' title="bbox 268 3386 1843 3476; baseline 0.001 -19"><span class='ocrx_word' id='word_1_307' title='bbox 268 3419 272 3425; x_wconf 92' lang='grc'>·</span> <span class='ocrx_word' id='word_1_308' title='bbox 372 3470 374 3475; x_wconf 40' lang='grc'>,</span> <span class='ocrx_word' id='word_1_309' title='bbox 467 3386 1843 3476; x_wconf 69' lang='lat' dir='ltr'><strong>ramebeinsgmitncsldarisrbgineetabomnibrssmctissitanatbema</strong></span> 
     </span>
    </p>

    <p class='ocr_par' dir='ltr' id='par_1_8' title="bbox 268 3534 2022 3631">
     <span class='ocr_line' id='line_1_30' title="bbox 268 3534 2022 3631; baseline -0.001 -21"><span class='ocrx_word' id='word_1_310' title='bbox 268 3534 272 3541; x_wconf 80' lang='grc'>’</span> <span class='ocrx_word' id='word_1_311' title='bbox 571 3539 738 3626; x_wconf 80' lang='lat' dir='ltr'><strong>Dobrorro,</strong></span> <span class='ocrx_word' id='word_1_312' title='bbox 755 3545 909 3612; x_wconf 71' lang='lat' dir='ltr'><strong>Mrem.</strong></span> <span class='ocrx_word' id='word_1_313' title='bbox 930 3541 1064 3627; x_wconf 70' lang='lat' dir='ltr'><strong>laesam,</strong></span> <span class='ocrx_word' id='word_1_314' title='bbox 1085 3542 1274 3627; x_wconf 75' lang='lat' dir='ltr'><strong>Rmcbowo,</strong></span> <span class='ocrx_word' id='word_1_315' title='bbox 1295 3544 1364 3608; x_wconf 69' lang='lat' dir='ltr'><strong>dati</strong></span> <span class='ocrx_word' id='word_1_316' title='bbox 1381 3552 1403 3611; x_wconf 86' lang='lat' dir='ltr'><strong>t.</strong></span> <span class='ocrx_word' id='word_1_317' title='bbox 1421 3563 1447 3609; x_wconf 84' lang='lat' dir='ltr'><strong>a</strong></span> <span class='ocrx_word' id='word_1_318' title='bbox 1476 3540 1889 3631; x_wconf 64' lang='lat' dir='ltr'><strong>ZudoraSwdonloeiptp.</strong></span> <span class='ocrx_word' id='word_1_319' title='bbox 1912 3539 2022 3624; x_wconf 80' lang='lat' dir='ltr'><strong>Quiet-</strong></span> 
     </span>
    </p>
   </div>
   <div class='ocr_carea' id='block_1_7' title="bbox 268 3641 2023 3734">
    <p class='ocr_par' dir='ltr' id='par_1_9' title="bbox 268 3641 2023 3734">
     <span class='ocr_line' id='line_1_31' title="bbox 268 3641 2023 3734; baseline -0.001 -21"><span class='ocrx_word' id='word_1_320' title='bbox 268 3654 273 3663; x_wconf 89' lang='lat'>&#39;</span> <span class='ocrx_word' id='word_1_321' title='bbox 418 3658 422 3668; x_wconf 89' lang='grc'><strong><em>·</em></strong></span> <span class='ocrx_word' id='word_1_322' title='bbox 470 3642 572 3728; x_wconf 75' lang='lat' dir='ltr'><strong>boreo,</strong></span> <span class='ocrx_word' id='word_1_323' title='bbox 586 3648 778 3713; x_wconf 67' lang='lat' dir='ltr'><strong>dotatam</strong></span> <span class='ocrx_word' id='word_1_324' title='bbox 800 3646 923 3731; x_wconf 79' lang='lat' dir='ltr'><strong>Cbelm,</strong></span> <span class='ocrx_word' id='word_1_325' title='bbox 942 3651 1093 3714; x_wconf 73' lang='lat' dir='ltr'><strong>emtam.</strong></span> <span class='ocrx_word' id='word_1_326' title='bbox 1115 3646 1276 3729; x_wconf 86' lang='lat' dir='ltr'><strong>Croberro,</strong></span> <span class='ocrx_word' id='word_1_327' title='bbox 1297 3651 1348 3712; x_wconf 79' lang='lat' dir='ltr'><strong>ato</strong></span> <span class='ocrx_word' id='word_1_328' title='bbox 1363 3648 1565 3726; x_wconf 66' lang='lat' dir='ltr'><strong>Mambre.</strong></span> <span class='ocrx_word' id='word_1_329' title='bbox 1587 3644 1722 3728; x_wconf 84' lang='lat' dir='ltr'><strong>Dambe,</strong></span> <span class='ocrx_word' id='word_1_330' title='bbox 1736 3648 1842 3734; x_wconf 72' lang='lat' dir='ltr'><strong>dabie</strong></span> <span class='ocrx_word' id='word_1_331' title='bbox 1861 3641 2023 3726; x_wconf 79' lang='lat' dir='ltr'><strong>osanna,</strong></span> 
     </span>
    </p>
   </div>
   <div class='ocr_carea' id='block_1_8' title="bbox 470 3745 2066 4147">
    <p class='ocr_par' dir='ltr' id='par_1_10' title="bbox 470 3745 2066 4147">
     <span class='ocr_line' id='line_1_32' title="bbox 476 3745 2024 3833; baseline 0.001 -19"><span class='ocrx_word' id='word_1_332' title='bbox 476 3746 599 3814; x_wconf 71' lang='lat' dir='ltr'><strong>orado.</strong></span> <span class='ocrx_word' id='word_1_333' title='bbox 633 3745 826 3833; x_wconf 75' lang='lat' dir='ltr'><strong>camerano,</strong></span> <span class='ocrx_word' id='word_1_334' title='bbox 847 3755 898 3816; x_wconf 79' lang='lat' dir='ltr'><strong>aie</strong></span> <span class='ocrx_word' id='word_1_335' title='bbox 918 3753 1119 3833; x_wconf 67' lang='lat' dir='ltr'><strong>mammone.</strong></span> <span class='ocrx_word' id='word_1_336' title='bbox 1149 3749 1311 3831; x_wconf 85' lang='lat' dir='ltr'><strong>Karserro,</strong></span> <span class='ocrx_word' id='word_1_337' title='bbox 1333 3751 1484 3815; x_wconf 65' lang='lat' dir='ltr'><strong>sarm</strong></span> <span class='ocrx_word' id='word_1_338' title='bbox 1512 3747 1670 3831; x_wconf 65' lang='lat' dir='ltr'><strong>meso,</strong></span> <span class='ocrx_word' id='word_1_339' title='bbox 1689 3752 1826 3816; x_wconf 70' lang='lat' dir='ltr'><strong>liram</strong></span> <span class='ocrx_word' id='word_1_340' title='bbox 1858 3746 2024 3833; x_wconf 73' lang='lat' dir='ltr'><strong>Bymecre,</strong></span> 
     </span>
     <span class='ocr_line' id='line_1_33' title="bbox 470 3849 2022 3938; baseline -0.002 -20"><span class='ocrx_word' id='word_1_341' title='bbox 470 3852 664 3933; x_wconf 61' lang='lat' dir='ltr'><strong>maiman.</strong></span> <span class='ocrx_word' id='word_1_342' title='bbox 684 3849 851 3938; x_wconf 73' lang='lat' dir='ltr'><strong>Slasrecin,</strong></span> <span class='ocrx_word' id='word_1_343' title='bbox 873 3851 1205 3937; x_wconf 60' lang='lat' dir='ltr'><strong>sarracenisco,</strong></span> <span class='ocrx_word' id='word_1_344' title='bbox 1225 3853 1293 3918; x_wconf 69' lang='lat' dir='ltr'><strong>aare</strong></span> <span class='ocrx_word' id='word_1_345' title='bbox 1306 3861 1328 3918; x_wconf 84' lang='lat' dir='ltr'><strong>t.</strong></span> <span class='ocrx_word' id='word_1_346' title='bbox 1346 3873 1372 3919; x_wconf 81' lang='lat' dir='ltr'><strong>r.</strong></span> <span class='ocrx_word' id='word_1_347' title='bbox 1393 3850 1558 3934; x_wconf 75' lang='lat' dir='ltr'><strong>Kolnicar,</strong></span> <span class='ocrx_word' id='word_1_348' title='bbox 1579 3854 1715 3919; x_wconf 67' lang='lat' dir='ltr'><strong>ramea</strong></span> <span class='ocrx_word' id='word_1_349' title='bbox 1738 3850 1940 3934; x_wconf 79' lang='lat' dir='ltr'><strong>chocemiuo,</strong></span> <span class='ocrx_word' id='word_1_350' title='bbox 1959 3854 2022 3917; x_wconf 73' lang='lat' dir='ltr'><strong>Ko-</strong></span> 
     </span>
     <span class='ocr_line' id='line_1_34' title="bbox 470 3951 2066 4047; baseline 0.002 -29"><span class='ocrx_word' id='word_1_351' title='bbox 470 3953 559 4018; x_wconf 68' lang='lat' dir='ltr'><strong>insa</strong></span> <span class='ocrx_word' id='word_1_352' title='bbox 592 3951 813 4039; x_wconf 79' lang='lat' dir='ltr'><strong>Weglortaeb,</strong></span> <span class='ocrx_word' id='word_1_353' title='bbox 839 3959 952 4040; x_wconf 64' lang='lat' dir='ltr'><strong>Moru.</strong></span> <span class='ocrx_word' id='word_1_354' title='bbox 985 3955 1106 4040; x_wconf 70' lang='lat' dir='ltr'><strong>lebna,</strong></span> <span class='ocrx_word' id='word_1_355' title='bbox 1128 3955 1408 4040; x_wconf 67' lang='lat' dir='ltr'><strong>lelio-Suleiort,</strong></span> <span class='ocrx_word' id='word_1_356' title='bbox 1429 3955 1497 4022; x_wconf 68' lang='lat' dir='ltr'><strong>azel</strong></span> <span class='ocrx_word' id='word_1_357' title='bbox 1516 3965 1537 4023; x_wconf 88' lang='lat' dir='ltr'><strong>t.</strong></span> <span class='ocrx_word' id='word_1_358' title='bbox 1557 3976 1581 4022; x_wconf 80' lang='lat' dir='ltr'><strong>a</strong></span> <span class='ocrx_word' id='word_1_359' title='bbox 1608 3955 1822 4040; x_wconf 76' lang='lat' dir='ltr'><strong>smmumsis,</strong></span> <span class='ocrx_word' id='word_1_360' title='bbox 1843 3959 1883 4024; x_wconf 79' lang='lat' dir='ltr'><strong>de</strong></span> <span class='ocrx_word' id='word_1_361' title='bbox 1898 3957 2024 4023; x_wconf 70' lang='lat' dir='ltr'><strong>maroa</strong></span> <span class='ocrx_word' id='word_1_362' title='bbox 2064 4044 2066 4047; x_wconf 16' lang='lat'>·</span> 
     </span>
     <span class='ocr_line' id='line_1_35' title="bbox 473 4053 1123 4147; baseline 0 -19"><span class='ocrx_word' id='word_1_363' title='bbox 473 4053 620 4143; x_wconf 71' lang='lat' dir='ltr'><strong>stands,</strong></span> <span class='ocrx_word' id='word_1_364' title='bbox 643 4059 788 4147; x_wconf 72' lang='lat' dir='ltr'><strong>prrzyr&#39;t</strong></span> <span class='ocrx_word' id='word_1_365' title='bbox 819 4059 869 4129; x_wconf 76' lang='lat' dir='ltr'><strong>sl</strong></span> <span class='ocrx_word' id='word_1_366' title='bbox 891 4059 972 4146; x_wconf 82' lang='lat' dir='ltr'><strong>Nyr,</strong></span> <span class='ocrx_word' id='word_1_367' title='bbox 993 4064 1057 4128; x_wconf 79' lang='lat' dir='ltr'><strong>Ner</strong></span> <span class='ocrx_word' id='word_1_368' title='bbox 1076 4083 1123 4129; x_wconf 82' lang='lat' dir='ltr'><strong>ra.</strong></span> 
     </span>
    </p>
   </div>
   <div class='ocr_carea' id='block_1_9' title="bbox 1143 4349 1351 4447">
    <p class='ocr_par' dir='ltr' id='par_1_11' title="bbox 1143 4349 1351 4447">
     <span class='ocr_line' id='line_1_36' title="bbox 1143 4349 1351 4447; baseline -0.005 -1"><span class='ocrx_word' id='word_1_369' title='bbox 1143 4357 1219 4447; x_wconf 67' lang='grc' dir='ltr'><strong>Νι.</strong></span> <span class='ocrx_word' id='word_1_370' title='bbox 1253 4349 1351 4445; x_wconf 81' lang='grc'><strong>137.</strong></span> 
     </span>
    </p>
   </div>
   <div class='ocr_carea' id='block_1_10' title="bbox 471 4551 2029 5172">
    <p class='ocr_par' dir='ltr' id='par_1_12' title="bbox 471 4551 2029 5068">
     <span class='ocr_line' id='line_1_37' title="bbox 575 4551 2027 4660; baseline -0.001 -24"><span class='ocrx_word' id='word_1_371' title='bbox 575 4551 716 4637; x_wconf 87' lang='lat' dir='ltr'><strong>Paulus</strong></span> <span class='ocrx_word' id='word_1_372' title='bbox 742 4553 982 4639; x_wconf 80' lang='lat' dir='ltr'><strong>Pomamcna</strong></span> <span class='ocrx_word' id='word_1_373' title='bbox 1008 4556 1160 4641; x_wconf 85' lang='lat' dir='ltr'><strong>ccclesia</strong></span> <span class='ocrx_word' id='word_1_374' title='bbox 1186 4555 1342 4660; x_wconf 86' lang='lat' dir='ltr'><strong>episcop.</strong></span> <span class='ocrx_word' id='word_1_375' title='bbox 1369 4557 1503 4636; x_wconf 72' lang='lat'>1232</span> <span class='ocrx_word' id='word_1_376' title='bbox 1529 4552 1608 4639; x_wconf 83' lang='lat' dir='ltr'><strong>Jul</strong></span> <span class='ocrx_word' id='word_1_377' title='bbox 1634 4562 1668 4654; x_wconf 92' lang='lat'><strong>1,</strong></span> <span class='ocrx_word' id='word_1_378' title='bbox 1693 4577 1723 4639; x_wconf 88' lang='lat' dir='ltr'><strong>s</strong></span> <span class='ocrx_word' id='word_1_379' title='bbox 1748 4554 1793 4656; x_wconf 70' lang='grc' dir='ltr'><strong>ις</strong></span> <span class='ocrx_word' id='word_1_380' title='bbox 1815 4569 1948 4654; x_wconf 72' lang='lat' dir='ltr'><strong>sasemis</strong></span> <span class='ocrx_word' id='word_1_381' title='bbox 1968 4585 2027 4653; x_wconf 79' lang='lat' dir='ltr'><strong>pro</strong></span> 
     </span>
     <span class='ocr_line' id='line_1_38' title="bbox 471 4670 2027 4792; baseline 0.001 -53"><span class='ocrx_word' id='word_1_382' title='bbox 471 4670 568 4740; x_wconf 90' lang='lat' dir='ltr'><strong>iundo</strong></span> <span class='ocrx_word' id='word_1_383' title='bbox 589 4674 624 4739; x_wconf 91' lang='lat' dir='ltr'><strong>in</strong></span> <span class='ocrx_word' id='word_1_384' title='bbox 645 4691 708 4792; x_wconf 73' lang='lat' dir='ltr'><strong>pue</strong></span> <span class='ocrx_word' id='word_1_385' title='bbox 729 4676 956 4745; x_wconf 85' lang='lat' dir='ltr'><strong>monasterium</strong></span> <span class='ocrx_word' id='word_1_386' title='bbox 983 4676 1024 4745; x_wconf 92' lang='lat' dir='ltr'><strong>de</strong></span> <span class='ocrx_word' id='word_1_387' title='bbox 1046 4676 1115 4762; x_wconf 72' lang='lat' dir='ltr'><strong>bad</strong></span> <span class='ocrx_word' id='word_1_388' title='bbox 1135 4681 1187 4743; x_wconf 90' lang='lat' dir='ltr'><strong>est</strong></span> <span class='ocrx_word' id='word_1_389' title='bbox 1207 4675 1362 4758; x_wconf 86' lang='lat' dir='ltr'><strong>locatum,</strong></span> <span class='ocrx_word' id='word_1_390' title='bbox 1393 4675 1486 4744; x_wconf 83' lang='lat' dir='ltr'><strong>rdlas</strong></span> <span class='ocrx_word' id='word_1_391' title='bbox 1507 4675 1656 4764; x_wconf 76' lang='lat' dir='ltr'><strong>llieginlri</strong></span> <span class='ocrx_word' id='word_1_392' title='bbox 1678 4681 1715 4745; x_wconf 86' lang='lat' dir='ltr'><strong>et</strong></span> <span class='ocrx_word' id='word_1_393' title='bbox 1734 4673 1914 4761; x_wconf 66' lang='lat' dir='ltr'><strong>Zajeaim</strong></span> <span class='ocrx_word' id='word_1_394' title='bbox 1934 4670 2027 4740; x_wconf 88' lang='lat' dir='ltr'><strong>modo</strong></span> 
     </span>
     <span class='ocr_line' id='line_1_39' title="bbox 472 4782 2029 4970; baseline -0.001 -25"><span class='ocrx_word' id='word_1_395' title='bbox 472 4782 855 4963; x_wconf 46' lang='lat' dir='ltr'><strong>mmmffigssamorypia</strong></span> <span class='ocrx_word' id='word_1_396' title='bbox 894 4887 922 4949; x_wconf 84' lang='grc' dir='ltr'><em>Ζ</em></span> <span class='ocrx_word' id='word_1_397' title='bbox 946 4883 1049 4951; x_wconf 73' lang='lat' dir='ltr'><strong>dodel</strong></span> <span class='ocrx_word' id='word_1_398' title='bbox 1074 4887 1340 4965; x_wconf 79' lang='lat' dir='ltr'><strong>przproieszonpclr</strong></span> <span class='ocrx_word' id='word_1_399' title='bbox 1355 4887 1491 4970; x_wconf 73' lang='lat' dir='ltr'><strong>picczpet</strong></span> <span class='ocrx_word' id='word_1_400' title='bbox 1509 4887 1665 4965; x_wconf 54' lang='lat' dir='ltr'><strong>maeres:</strong></span> <span class='ocrx_word' id='word_1_401' title='bbox 1684 4904 1703 4946; x_wconf 80' lang='lat' dir='ltr'><strong>a</strong></span> <span class='ocrx_word' id='word_1_402' title='bbox 1713 4878 1879 4962; x_wconf 66' lang='lat' dir='ltr'><strong>pier-arado·</strong></span> <span class='ocrx_word' id='word_1_403' title='bbox 1896 4879 2029 4944; x_wconf 72' lang='lat' dir='ltr'><strong>maaet</strong></span> 
     </span>
     <span class='ocr_line' id='line_1_40' title="bbox 472 4982 1957 5068; baseline -0.001 -22"><span class='ocrx_word' id='word_1_404' title='bbox 472 4985 729 5068; x_wconf 60' lang='lat' dir='ltr'><strong>zaekrpcooeoo</strong></span> <span class='ocrx_word' id='word_1_405' title='bbox 743 4989 898 5064; x_wconf 73' lang='lat' dir='ltr'><strong>J&#39;edroobia</strong></span> <span class='ocrx_word' id='word_1_406' title='bbox 918 4987 992 5053; x_wconf 75' lang='lat' dir='ltr'><strong>edtt.</strong></span> <span class='ocrx_word' id='word_1_407' title='bbox 1016 4994 1027 5051; x_wconf 82' lang='lat' dir='ltr'><strong>i</strong></span> <span class='ocrx_word' id='word_1_408' title='bbox 1047 5006 1211 5067; x_wconf 58' lang='lat' dir='ltr'><strong>crorum</strong></span> <span class='ocrx_word' id='word_1_409' title='bbox 1233 5007 1252 5051; x_wconf 79' lang='lat' dir='ltr'><strong>a</strong></span> <span class='ocrx_word' id='word_1_410' title='bbox 1273 4983 1399 5066; x_wconf 61' lang='lat' dir='ltr'><strong>empto·</strong></span> <span class='ocrx_word' id='word_1_411' title='bbox 1417 4987 1473 5052; x_wconf 71' lang='lat' dir='ltr'><strong>zai</strong></span> <span class='ocrx_word' id='word_1_412' title='bbox 1495 4989 1577 5068; x_wconf 65' lang='lat' dir='ltr'><strong>mitro</strong></span> <span class='ocrx_word' id='word_1_413' title='bbox 1593 4989 1669 5051; x_wconf 75' lang='lat' dir='ltr'><strong>dala</strong></span> <span class='ocrx_word' id='word_1_414' title='bbox 1687 4982 1805 5066; x_wconf 68' lang='lat' dir='ltr'><strong>prim</strong></span> <span class='ocrx_word' id='word_1_415' title='bbox 1826 4984 1957 5047; x_wconf 70' lang='lat' dir='ltr'><strong>damst.</strong></span> 
     </span>
    </p>

    <p class='ocr_par' dir='ltr' id='par_1_13' title="bbox 582 5086 1310 5172">
     <span class='ocr_line' id='line_1_41' title="bbox 582 5086 1310 5172; baseline 0.008 -25"><span class='ocrx_word' id='word_1_416' title='bbox 582 5086 766 5156; x_wconf 69' lang='lat' dir='ltr'><strong>Worszara</strong></span> <span class='ocrx_word' id='word_1_417' title='bbox 791 5093 899 5172; x_wconf 67' lang='lat' dir='ltr'><strong>zoara</strong></span> <span class='ocrx_word' id='word_1_418' title='bbox 921 5094 1110 5157; x_wconf 70' lang='lat' dir='ltr'><strong>macerer.</strong></span> <span class='ocrx_word' id='word_1_419' title='bbox 1132 5093 1310 5171; x_wconf 74' lang='lat' dir='ltr'><strong>diplomata</strong></span> 
     </span>
    </p>
   </div>
   <div class='ocr_carea' id='block_1_11' title="bbox 474 5240 2031 5518">
    <p class='ocr_par' dir='ltr' id='par_1_14' title="bbox 474 5213 2031 5518">
     <span class='ocr_line' id='line_1_42' title="bbox 577 5240 2031 5328; baseline -0.004 -15"><span class='ocrx_word' id='word_1_420' title='bbox 577 5244 614 5313; x_wconf 92' lang='lat' dir='ltr'><strong>In</strong></span> <span class='ocrx_word' id='word_1_421' title='bbox 636 5243 889 5312; x_wconf 86' lang='lat' dir='ltr'><strong>nomincPutris</strong></span> <span class='ocrx_word' id='word_1_422' title='bbox 911 5252 946 5312; x_wconf 89' lang='lat' dir='ltr'><strong>et</strong></span> <span class='ocrx_word' id='word_1_423' title='bbox 967 5244 1041 5311; x_wconf 83' lang='lat' dir='ltr'><strong>Filii</strong></span> <span class='ocrx_word' id='word_1_424' title='bbox 1061 5250 1095 5312; x_wconf 89' lang='lat' dir='ltr'><strong>et</strong></span> <span class='ocrx_word' id='word_1_425' title='bbox 1116 5242 1255 5328; x_wconf 90' lang='lat' dir='ltr'><strong>Spiritus</strong></span> <span class='ocrx_word' id='word_1_426' title='bbox 1275 5242 1378 5311; x_wconf 88' lang='lat' dir='ltr'><strong>sancti</strong></span> <span class='ocrx_word' id='word_1_427' title='bbox 1398 5260 1498 5311; x_wconf 86' lang='lat' dir='ltr'><strong>amen</strong></span> <span class='ocrx_word' id='word_1_428' title='bbox 1543 5240 1612 5324; x_wconf 83' lang='lat' dir='ltr'><strong>Que</strong></span> <span class='ocrx_word' id='word_1_429' title='bbox 1631 5241 1666 5307; x_wconf 92' lang='lat' dir='ltr'><strong>in</strong></span> <span class='ocrx_word' id='word_1_430' title='bbox 1688 5245 1832 5325; x_wconf 86' lang='lat' dir='ltr'><strong>tempore</strong></span> <span class='ocrx_word' id='word_1_431' title='bbox 1856 5244 2031 5309; x_wconf 73' lang='lat' dir='ltr'><strong>nmcuntur</strong></span> 
     </span>
     <span class='ocr_line' id='line_1_43' title="bbox 474 5343 2030 5431; baseline -0.003 -15"><span class='ocrx_word' id='word_1_432' title='bbox 474 5347 567 5416; x_wconf 90' lang='lat' dir='ltr'><strong>simul</strong></span> <span class='ocrx_word' id='word_1_433' title='bbox 590 5366 663 5416; x_wconf 91' lang='lat' dir='ltr'><strong>cnm</strong></span> <span class='ocrx_word' id='word_1_434' title='bbox 684 5353 824 5431; x_wconf 84' lang='lat' dir='ltr'><strong>tempore</strong></span> <span class='ocrx_word' id='word_1_435' title='bbox 843 5345 1041 5414; x_wconf 88' lang='lat' dir='ltr'><strong>dilabuntur:</strong></span> <span class='ocrx_word' id='word_1_436' title='bbox 1071 5345 1140 5414; x_wconf 89' lang='lat' dir='ltr'><strong>sola</strong></span> <span class='ocrx_word' id='word_1_437' title='bbox 1163 5352 1272 5413; x_wconf 89' lang='lat' dir='ltr'><strong>antem</strong></span> <span class='ocrx_word' id='word_1_438' title='bbox 1293 5345 1422 5430; x_wconf 57' lang='lat' dir='ltr'><strong>negucia</strong></span> <span class='ocrx_word' id='word_1_439' title='bbox 1452 5343 1570 5413; x_wconf 82' lang='lat' dir='ltr'><strong>litteris</strong></span> <span class='ocrx_word' id='word_1_440' title='bbox 1594 5343 1721 5429; x_wconf 62' lang='lat' dir='ltr'><strong>omnam</strong></span> <span class='ocrx_word' id='word_1_441' title='bbox 1744 5343 1857 5410; x_wconf 73' lang='lat' dir='ltr'><strong>dsunt</strong></span> <span class='ocrx_word' id='word_1_442' title='bbox 1876 5347 1912 5411; x_wconf 89' lang='lat' dir='ltr'><strong>et</strong></span> <span class='ocrx_word' id='word_1_443' title='bbox 1933 5361 2030 5413; x_wconf 83' lang='lat' dir='ltr'><strong>aruo</strong></span> 
     </span>
     <span class='ocr_line' id='line_1_44' title="bbox 1839 5462 1873 5518; baseline 0.029 -1"><span class='ocrx_word' id='word_1_444' title='bbox 1839 5462 1873 5518; x_wconf 76' lang='lat' dir='ltr'><strong>lb</strong></span> 
     </span>
    </p>
   </div>
   <div class='ocr_carea' id='block_1_12' title="bbox 0 0 2292 6240">
    <p class='ocr_par' dir='ltr' id='par_1_15' title="bbox 0 0 2292 6240">
     <span class='ocr_line' id='line_1_45' title="bbox 0 0 2292 6240; baseline 0 0"><span class='ocrx_word' id='word_1_445' title='bbox 0 0 2292 6240; x_wconf 95' lang='lat' dir='ltr'><strong> </strong></span> 
     </span>
    </p>
   </div>
  </div>
 </body>
</html>
