4574 6240
1259 467 1333 555 Νι.
1371 465 1469 553 161.

700 666 895 769 Gregorius
921 665 985 768 Pp.
1011 664 1070 748 IX
1096 667 1229 745 1234
1254 663 1342 746 liei.
1368 661 1628 761 8,1‚otereni;
1663 675 1833 757 interdicit,
1870 693 1911 744 ns
1946 677 2017 758 quin
2051 667 2141 752 index

594 789 758 874 delegetur
779 788 898 873 ubsque
918 786 1068 854 mourloto
1090 783 1217 870 speciuli
1237 783 1328 851 Sedis
1354 783 1546 867 apostoliens
1576 785 1633 849 out
1653 780 1722 847 ciue
1742 778 1853 863 legati,
1880 777 1994 846 irutres
2017 779 2142 855 Ordinis

596 891 814 960 cisterciensis
835 889 878 957 ed
898 888 1209 957 excommunicandos
1229 885 1412 953 fundatores
1434 885 1663 965 conventuum,
1684 882 1735 950 ool
1756 881 1996 951 communitates
2013 882 2047 947 in
2066 902 2142 970 qna.

595 1014 666 1062 mm
687 993 849 1063 territorio
870 991 1062 1059 monasterie
1080 990 1219 1057 nicoclem
1240 988 1369 1056 Ordinis
1389 993 1465 1054 sunt
1485 987 1559 1069 sito,
1580 984 1758 1070 compellet

699 1102 840 1177 Pereunt
856 1100 974 1175 erupis.
1003 1097 1053 1158 do
1074 1095 1194 1159 oieiocd
1207 1094 1361 1172 J'cdnobrr.
1390 1088 1464 1157 sicr.
1487 1096 1498 1155 ι’
1519 1108 1664 1156 cremum
1682 1093 1909 1170 prepositum
1933 1087 2030 1151 brdlo:
2065 1087 2143 1161 Gre-

634 1200 702 1267 rius
722 1198 780 1283 Pp.
799 1195 855 1264 nt

593 1219 634 1285 8⁰
699 1299 835 1370 Posset
861 1301 980 1380 Kdnt'pl
1003 1301 1109 1363 maore
1130 1301 1220 1364 Arsit.
1244 1302 1365 1379 Adoreo
1393 1299 1494 1364 deust.
1524 1298 1555 1362 1.

699 1469 871 1558 Gregorius
893 1469 1057 1556 episcopus
1075 1485 1183 1536 servus
1204 1485 1368 1536 serrorum
1387 1467 1462 1550 Dei,
1487 1465 1612 1534 dilectis
1632 1464 1707 1533 liliis
1727 1462 1834 1533 nbbsti
1853 1462 2001 1532 cistercii
2021 1470 2055 1532 et
2075 1468 2145 1533 uni·
2215 1503 2225 1516 ·

594 1574 696 1644 versis
717 1572 920 1642 cosbbstrbus
941 1571 1009 1640 eius
1032 1569 1251 1638 cisterciensis
1272 1570 1400 1639 Ordinis
1432 1571 1567 1639 sulutem
1594 1574 1629 1639 et
1656 1568 1862 1653 oposoiicenn
1887 1566 2144 1637 benedictionem

595 1679 721 1760 Quanto
748 1675 926 1745 studiosius
954 1674 1060 1743 divine
1087 1673 1347 1758 contemplationi
1378 1673 1499 1740 vsoutis
1530 1673 1645 1742 deuote
1675 1672 1811 1740 Domino
1836 1670 2027 1752 inmolando,
2056 1675 2146 1739 tento

596 1780 747 1850 libentius
769 1779 871 1864 quieti
891 1782 996 1846 rosus
1016 1775 1161 1843 solumne
1182 1777 1356 1862 providere.
1401 1775 1484 1844 (lum
1509 1777 1617 1862 igitur,
1639 1777 1723 1846 siem
1746 1781 1892 1860 porrecto
1922 1773 2013 1844 uobis
2040 1779 2146 1841 oestro

594 1885 708 1970 petitio
729 1880 921 1962 continebot,
942 1896 1167 1962 nonnunquam
1198 1879 1316 1948 iudices
1344 1898 1365 1946 s
1391 1879 1472 1948 Sede
1496 1880 1670 1964 apostolius
1695 1879 1842 1964 delegeti,
1875 1878 1970 1946 elicui
1995 1881 2145 1958 restrum,

595 1986 782 2072 plerumque
809 1985 907 2070 priori
935 1983 985 2050 sel
1009 1982 1168 2068 supprimi
1197 1981 1325 2051 Ordinis
1352 1980 1570 2051 Cisterciensis
1597 1983 1777 2068 iniungant,
1805 1989 1844 2050 ut
1878 1981 2148 2052 excommunicent

595 2095 653 2157 sut
689 2086 975 2157 excommunicatos
1010 2083 1199 2152 denuntient
1236 2088 1381 2170 proprios
1417 2086 1467 2152 soi
1502 2086 1686 2154 monosterii
1722 2085 1913 2167 fundatores,
1950 2102 2006 2152 ssu
2038 2084 2147 2152 civito·

595 2196 664 2274 tum
701 2194 877 2258 nostrorum
907 2205 1033 2272 quoque
1071 2205 1110 2255 ec
1147 2186 1294 2256 rillmum
1323 2188 1501 2256 communio
1525 2190 1560 2256 in
1588 2207 1722 2274 quorum
1749 2189 1908 2258 territorio
1932 2187 1982 2256 rel
2013 2185 2147 2258 confinio

520 2354 525 2363 .
595 2297 672 2362 sunt
699 2291 893 2360 monasterie
919 2295 1026 2358 sestru
1054 2289 1128 2371 site,
1161 2291 1230 2358 sine
1262 2308 1397 2375 quorum
1424 2310 1502 2377 poce
1527 2292 1700 2362 subsistere
1727 2293 1780 2360 six
1814 2291 1963 2377 potestis3
1998 2296 2033 2357 et
2063 2289 2148 2374 qnod

595 2394 637 2465 sd
667 2394 760 2464 silius
787 2399 879 2462 exus
908 2391 1136 2460 monesterium
1171 2392 1382 2477 personaliter
1412 2393 1609 2475 secedentes,
1637 2393 1765 2463 eosdem
1790 2393 2075 2462 excommunicatos
2106 2390 2148 2459 ub

596 2498 652 2579 eis,
685 2496 817 2581 ongmis
849 2493 961 2563 diebus
994 2491 1160 2561 dominicis
1195 2500 1230 2560 ct
1261 2491 1391 2573 festinis,
1424 2495 1558 2578 pulsetis
1590 2497 1751 2582 osmpenis
1775 2503 1808 2564 et
1839 2496 1978 2564 candelis
2009 2495 2149 2563 eooemh

595 2598 720 2686 publice
739 2599 888 2666 nuntient
909 2596 1083 2678 evitandos,
1105 2601 1236 2681 propter
1257 2595 1340 2680 quod
1362 2597 1451 2680 quies
1473 2598 1638 2665 monastici
1657 2596 1786 2664 Ordinis
1807 2596 2012 2681 perturbotm
2031 2603 2066 2664 et
2086 2595 2148 2665 irs-

597 2705 731 2788 qnenter
752 2700 914 2769 incurritis
935 2699 1008 2767 odis
1026 2698 1247 2784 plurimorum:
1267 2715 1326 2765 uos
1341 2699 1566 2782 trunquillitsti
1580 2705 1614 2768 et
1628 2700 1729 2785 quieti
1742 2707 1845 2767 vestre
1859 2698 2001 2768 solentes
2015 2705 2150 2784 peteme

596 2803 807 2872 sollieitudine
827 2802 1002 2887 providere,
1023 2801 1216 2870 unctoritete
1237 2800 1434 2885 presencium
1455 2801 1631 2869 centorius
1644 2801 1831 2884 inhibemus,
1852 2820 1893 2870 ne
1907 2803 1979 2887 quis
1993 2803 2148 2886 predicto·

597 2926 679 2991 rum,
712 2907 831 2992 ubsque
862 2905 1012 2973 mendeto
1039 2903 1129 2973 Sedis
1156 2903 1328 2989 apostolice
1353 2904 1482 2989 speciali
1512 2912 1570 2974 eut
1593 2905 1688 2990 legsti
1714 2903 1756 2972 sb
1777 2905 1845 2972 eins
1866 2906 1966 2972 lutere
1985 2903 2148 2988 destinati,

596 3009 750 3095 premisso
769 3006 859 3076 vobis
879 3007 1043 3092 iniungere
1063 3026 1101 3074 nc
1121 3006 1163 3073 ud
1184 3024 1223 3072 eo
1243 3005 1431 3090 compellere
1454 3025 1510 3074 vos
1531 3012 1692 3090 presumet
1713 3006 1846 3086 inuitos3
1876 3006 1985 3074 eedem
2013 3008 2150 3074 escuri-

598 3114 666 3178 tete
686 3108 774 3177 robis
796 3107 1016 3177 nichilominus
1038 3108 1260 3190 concedentes,
1294 3114 1331 3174 ut
1359 3108 1388 3176 si
1414 3127 1515 3191 secus,
1544 3109 1630 3193 qood
1657 3127 1720 3176 non
1747 3109 1911 3186 oredimus,
1933 3117 2150 3193 presumptum

596 3210 704 3294 merit,
724 3229 780 3279 ros
798 3211 845 3279 eis
866 3212 899 3277 in
920 3212 1081 3297 premissis
1113 3229 1178 3278 non
1209 3211 1378 3278 teneamini
1414 3211 1613 3297 aliquetenus
1632 3210 1768 3279 obedire.
1812 3210 1901 3279 Nulli
1926 3230 2000 3297 ergo
2022 3212 2148 3280 omnino

597 3313 759 3383 hominum
779 3313 876 3382 licent
896 3313 978 3382 hune
1003 3313 1150 3398 peginnm
1180 3317 1289 3381 nostre
1319 3312 1515 3380 inhibitionis
1547 3319 1580 3381 et
1608 3315 1817 3381 concessionis
1845 3311 2013 3398 intringere
2043 3313 2150 3381 reici

598 3433 678 3483 eosu
698 3415 865 3483 tsmersrio
887 3416 1053 3484 conuoire.
1073 3413 1108 3482 Si
1130 3414 1201 3499 quis
1222 3420 1328 3482 eutem
1350 3414 1410 3482 hoc
1431 3420 1622 3499 attemptnre
1643 3417 1878 3499 presumpserit,
1904 3414 2150 3500 mdignotionem

475 3545 490 3550 ··
503 3541 520 3549 ··
598 3516 824 3602 omnipotentis
845 3515 905 3583 Dei
927 3523 962 3585 et
981 3517 1146 3585 hestorum
1168 3515 1256 3584 Petri
1277 3522 1312 3584 et
1332 3516 1423 3584 Pnuli
1441 3516 1655 3600 sommiorum
1674 3520 1742 3584 eius
1755 3536 1790 3584 se
1803 3518 1926 3586 nouerit
1941 3518 2148 3587 incursurum

598 3616 718 3686 mmm
739 3616 889 3687 Letemni
910 3617 941 3685 V
962 3617 1071 3687 Nonus
1093 3617 1181 3699 binii,
1202 3615 1405 3703 pontifioetus
1424 3619 1525 3685 nostri
1546 3636 1629 3687 enno
1648 3627 1768 3689 octono.

1204 3914 1209 3924 ·
1269 3864 1341 3950 Nr.
1390 3860 1487 3951 162.

703 4031 900 4160 flrsgtlriiil
926 4058 990 4162 Pp.
1016 4058 1232 4142 1X1234
1258 4059 1346 4142 1111.
1373 4064 1415 4157 4,
1442 4060 1632 4159 letorom3
1663 4077 1833 4157 interdicit,
1866 4096 1907 4146 ne
1938 4079 2011 4164 quis
2041 4078 2151 4146 domos

599 4176 735 4245 bouum
757 4174 885 4246 Ordinis
909 4177 1126 4246 cisterciensis
1144 4179 1360 4247 erectionibus
1382 4180 1576 4248 secularibus
1597 4187 1631 4247 et
1652 4179 1724 4246 eliis
1745 4180 1844 4247 modis
1866 4179 2039 4265 perturbet.

703 4285 845 4361 Pergase.
867 4287 982 4362 orgeio
1007 4285 1053 4346 No
1074 4285 1416 4375 111111,ιέιίιιιιὺιιγσὴΙ
1430 4283 1552 4364 ststpct
1574 4288 1585 4348 i
1606 4287 1800 4364 mopsi
1820 4288 2046 4366 przynieszonu
2058 4287 2151 4349 bum.-

600 4382 771 4468 Gregorius
791 4382 849 4468 Pp.
872 4382 927 4450 Ill

702 4486 838 4551 foenori
883 4491 1002 4568 limet
1027 4490 1132 4554 Stooto
1153 4491 1242 4552 Arch
1263 4492 1385 4568 mecm.
1415 4490 1514 4554 Gctstl
1536 4488 1565 4552 2.

703 4655 876 4740 Gregorius
897 4656 1063 4742 episcopus
1081 4675 1190 4723 sersus
1209 4676 1369 4725 servorum
1389 4656 1465 4737 Dei,
1492 4656 1616 4725 dilectis
1638 4656 1712 4725 filiis
1732 4658 1839 4726 ebbnti
1861 4658 2006 4728 cistercii
2028 4667 2063 4729 et
2082 4661 2152 4727 uni·

598 4758 698 4827 vorsis
719 4757 923 4826 ooobbutibus
945 4760 1012 4827 eius
1035 4758 1252 4828 cisterciensis
1281 4759 1410 4829 Ordinis
1439 4762 1631 4829 salutemet
1657 4763 1862 4847 apostolicum
1894 4762 2151 4831 benedictionem.

600 4861 681 4942 unu
701 4859 921 4946 mingscenoe
950 4864 1083 4930 coritoto
1106 4862 1277 4930 multorum
1299 4864 1377 4931 odeo
1400 4865 1552 4949 iniquitas
1575 4863 1779 4946 hnbunduvit,
1806 4873 1838 4932 et
1858 4865 2063 4949 quorumdem
2082 4884 2152 4934 suo

600 4962 696 5032 cense
715 4964 804 5032 velut
818 4964 900 5048 igpis
926 4966 1072 5050 impietus
1101 4971 1212 5033 contre
1238 4967 1385 5034 ecclesius
1412 4972 1446 5034 ot
1473 4984 1622 5051 personne
1650 4967 1878 5035 ecclosiosticus
1907 4974 1997 5036 muto
2018 4968 2153 5036 validius
2214 4986 2224 5001 ·

603 5067 827 5150 iuliummctur,
857 5077 976 5153 quonto
1004 5068 1140 5136 rumores
1171 5068 1226 5154 qui
1259 5088 1312 5137 ess
1342 5075 1491 5138 tuoontur
1523 5078 1635 5138 contro
1663 5089 1830 5155 procorum
1859 5071 2001 5139 incursus
2034 5073 2153 5140 inuenit

602 5170 806 5241 obiectiones:
827 5189 896 5256 nos,
918 5171 1032 5258 quibus
1053 5173 1195 5258 ipsurum
1216 5190 1291 5240 curu
1320 5177 1354 5240 et
1380 5171 1560 5241 sollicitudo
1590 5171 1754 5255 incumbit,
1782 5172 1826 5240 ibi
1853 5171 1966 5265 lortius
1990 5173 2153 5259 insurgere
