4574 6240
1908 332 1979 406 197

436 537 472 605 et
489 531 566 600 vifis
585 533 626 602 de
647 531 775 616 Vogbor
795 552 857 618 qne
877 534 961 603 eirca
986 532 1138 603 ambitum
1168 535 1296 603 ecclesie
1322 541 1372 603 cst
1393 534 1561 614 muman,
1584 553 1621 601 eo
1639 533 1800 618 gaudeant
1819 531 1982 619 privilegio

435 634 603 717 libertatis,
630 635 713 720 quod
740 637 773 702 in
798 637 885 720 ipsis,
908 637 1012 722 quoad
1039 637 1109 703 iura
1128 636 1262 718 ducalia,
1290 638 1429 704 eiusdem
1459 636 1524 702 sint
1547 634 1705 703 libertatis
1734 642 1767 703 et
1793 633 1984 702 condicionis

434 736 526 805 libori
551 755 623 804 cum
651 738 848 821 asempticiis.
893 739 937 805 Et
965 758 986 805 a
1013 739 1136 806 nemine
1164 739 1387 806 iudicabuntur
1412 745 1519 822 preter
1546 737 1814 823 archiepiscopum
1843 736 1893 802 vel
1915 735 1983 802 eius

436 838 606 906 tribunum.
651 839 695 905 Et
716 841 863 906 similiter
889 841 973 907 dicte
1002 841 1077 907 rille
1103 840 1143 908 de
1166 841 1293 925 Vogbor
1321 840 1478 921 hominm,
1508 846 1614 926 preter
1638 841 1818 924 episcopum
1847 838 1897 904 vel
1917 838 1985 905 eius

434 941 597 1009 tribunum
625 961 646 1010 a
671 942 759 1009 nullo
780 943 897 1010 debent
918 943 1058 1011 iudicari.
1103 942 1140 1010 In
1160 944 1281 1010 duobus
1306 949 1412 1009 autem
1440 948 1564 1009 tanturn
1586 941 1721 1021 casibus,
1746 939 1892 1006 videlicet
1912 957 1984 1004 cum
2056 1005 2060 1013 ,

434 1043 550 1111 solutio
572 1061 607 1110 sc
628 1043 777 1111 extendat
799 1044 839 1112 ad
861 1047 1063 1129 septuaginta
1084 1065 1258 1112 marearum
1281 1045 1482 1126 solutionem,
1511 1051 1544 1112 et
1570 1063 1641 1112 curu
1660 1041 1818 1127 perticarii
1840 1040 1929 1107 ducis
1952 1040 1985 1105 in

434 1145 503 1214 eius
524 1145 662 1212 transitu
687 1145 727 1212 de
756 1146 874 1213 eisdem
902 1147 984 1213 villis
1013 1147 1223 1232 depelluntur,
1252 1147 1316 1212 dux
1344 1165 1414 1213 cum
1440 1147 1674 1231 archiepiscopo
1695 1143 1746 1210 vel
1766 1144 1833 1210 eius
1857 1142 1985 1209 tribuno

434 1246 592 1316 dictarum
612 1247 757 1314 villarum
778 1247 921 1315 homines
943 1249 1109 1329 iudicabit;
1132 1256 1165 1316 et
1188 1255 1262 1316 tuno
1282 1267 1344 1314 non
1367 1248 1551 1314 citabuntur
1574 1248 1616 1315 ad
1637 1247 1747 1313 ducem
1769 1263 1826 1328 pcr
1847 1262 1986 1311 camora·

435 1348 527 1431 mum,
550 1347 606 1416 sed
627 1367 735 1416 eorum
763 1367 949 1433 supponam,
976 1351 1086 1418 littera
1102 1351 1192 1419 ducis
1212 1350 1253 1416 ad
1275 1368 1346 1416 curn
1365 1351 1565 1416 transmissa:
1587 1351 1674 1417 etin
1697 1348 1758 1414 hiis
1780 1345 1903 1413 casibus
1921 1345 1985 1411 dux

435 1468 506 1519 cum
527 1450 760 1534 archiepiscopo
782 1469 839 1535 per
856 1452 992 1518 mediam
1014 1453 1134 1519 diridet
1153 1453 1335 1519 iudicatam.
1360 1449 1441 1517 Cum
1461 1469 1535 1519 uero
1556 1452 1640 1518 inter
1653 1451 1794 1517 homines
1809 1467 1883 1532 sepe
1901 1448 1985 1514 dicte

434 1551 508 1619 ville
529 1551 569 1619 do
589 1551 717 1635 Vogbor
737 1559 772 1619 et
792 1553 921 1620 ducales
942 1556 976 1620 in
997 1554 1112 1621 iudicio
1126 1553 1222 1621 fuerit
1235 1553 1404 1637 litigatum,
1427 1553 1454 1618 si
1468 1558 1579 1620 contra
1592 1551 1784 1637 episcopales
1804 1550 1873 1616 inre
1887 1547 1986 1615 fuerit

433 1652 673 1734 sentenciam,
692 1652 756 1718 dux
779 1671 850 1720 cum
870 1655 1015 1737 episcopo
1038 1654 1168 1722 calavio
1189 1673 1246 1739 per
1265 1655 1402 1721 medium
1423 1654 1542 1720 dividet
1562 1655 1745 1721 iudicatum.
1779 1653 1870 1733 Item,
1892 1650 1983 1718 liberi

434 1753 577 1821 homines
600 1754 633 1819 in
662 1753 745 1819 villis
768 1754 993 1839 archiepiscopi
1026 1761 1059 1823 et
1083 1757 1303 1823 canonicorum
1327 1773 1382 1824 seu
1410 1755 1663 1841 cappellanorum
1698 1756 1796 1838 ipsias
1828 1753 1983 1834 sedentes,

433 1853 604 1923 apennine
630 1855 855 1922 iudicabuntur
884 1858 946 1923 nisi
978 1862 1104 1924 tantam
1131 1878 1151 1924 a
1177 1858 1274 1938 duce,
1303 1862 1337 1925 et
1362 1857 1457 1924 simili
1484 1859 1517 1924 in
1537 1857 1655 1925 ducatu
1676 1856 1819 1924 Mazorie
1840 1855 1984 1922 homines

433 1954 534 2036 liberi,
553 1959 621 2022 hm
645 1955 681 2021 in
707 1956 791 2023 villis
817 1957 1045 2042 episcopalibus
1072 1976 1167 2042 quam
1192 1960 1290 2026 eciam
1323 1959 1357 2025 in
1388 1958 1472 2024 villis
1500 1959 1648 2042 degentes
1678 1958 1899 2025 canonicorum
1928 1974 1985 2023 seu

432 2056 567 2123 aliarum
588 2056 805 2138 ecelesiarum,
834 2060 993 2142 gaudeant
1020 2060 1184 2144 privilegio
1209 2060 1375 2127 libertatis.
1420 2058 1551 2127 Nullum
1573 2058 1762 2126 conductum
1785 2057 1902 2125 ducent
1923 2058 1985 2124 nisi

433 2158 612 2226 militarem.
657 2159 706 2225 nd
725 2160 844 2226 nullam
864 2161 1097 2244 expedicionem
1119 2162 1286 2228 trahentur
1306 2167 1507 2245 preterquam
1530 2160 1570 2227 ad
1589 2159 1799 2241 Prateaicam,
1819 2166 1899 2227 tune
1913 2177 1985 2226 cum

432 2259 498 2328 dux
518 2259 675 2345 publicam
697 2258 808 2326 fecerit
829 2261 1076 2343 expedicionem,
1098 2267 1132 2328 et
1152 2262 1193 2329 ad
1211 2261 1421 2329 defensionem
1440 2267 1524 2327 terre
1545 2265 1657 2327 contra
1674 2258 1846 2343 quemlibet
1860 2259 1985 2328 inraso-

432 2379 507 2430 rem
550 2360 632 2429 Item
649 2362 741 2429 liberi
763 2362 918 2445 homines,
947 2365 981 2429 iu
1007 2364 1090 2430 uillis
1117 2362 1434 2447 archiepiscopalibus
1463 2368 1497 2429 et
1517 2363 1551 2428 in
1571 2361 1701 2446 Voybor
1727 2366 1761 2429 et
1781 2361 1928 2429 similiter
1949 2362 1983 2428 in

432 2462 625 2531 Mazoriensi
646 2464 828 2548 episcopatu
855 2465 1043 2549 ascripticiis
1070 2465 1232 2550 permixti,
1264 2482 1364 2548 usque
1392 2465 1434 2532 ad
1462 2471 1528 2531 tres
1552 2462 1702 2543 familias,
1729 2462 1838 2531 eadem
1864 2470 1983 2548 quaet

432 2565 603 2650 ascriptieii
624 2564 772 2633 libertate
793 2566 948 2633 fruantur.
993 2568 1075 2634 item
1094 2566 1169 2633 ville
1191 2567 1392 2634 ecclesiarum
1413 2566 1599 2633 falconarius
1614 2572 1647 2634 et
1660 2565 1799 2633 falcones
1816 2584 1880 2633 non
1902 2568 1983 2634 reci·

432 2666 521 2752 pient
541 2684 643 2750 neque
657 2672 795 2751 pascent.
819 2666 1018 2736 castenerias
1033 2669 1192 2753 capientes
1214 2676 1362 2751 castores,
1384 2669 1501 2736 ducent
1521 2674 1555 2735 et
1572 2668 1795 2752 procurabunt
1822 2667 1982 2752 Pmteren,

432 2776 597 2837 venatores
618 2786 781 2837 cervorum
803 2776 837 2837 et
856 2770 991 2838 aliarum
1012 2770 1185 2839 bestiarum
1210 2772 1244 2838 in
1268 2769 1351 2838 villis
1372 2771 1575 2838 ecclesianam
1595 2770 1693 2837 nichil
1714 2789 1772 2854 per
1793 2771 1856 2836 um
1877 2776 1983 2838 extor-

431 2870 582 2957 quebunt,
603 2870 664 2937 nisi
685 2873 732 2939 eis
752 2871 873 2955 aliquid
894 2891 951 2957 per
971 2872 1086 2941 bonam
1108 2874 1303 2940 volantatem
1323 2872 1516 2940 exhibeatur.
1554 2873 1598 2939 Et
1618 2873 1677 2940 hec
1694 2873 1800 2939 omnia
1820 2879 1980 2957 contemp-

431 2971 550 3040 latione
570 2972 684 3041 salutis
705 2980 813 3041 eterne
834 2981 868 3041 et
888 2974 929 3041 ob
946 2992 1084 3042 emonem
1111 2982 1145 3043 et
1173 2975 1379 3043 reverentiam
1404 2973 1592 3041 venerabilis
1618 2974 1719 3057 patris
1750 2975 1812 3040 mei
1833 2974 1982 3042 Falconis

431 3073 626 3142 Gnecnensis
647 3074 890 3160 archiepiscopi,
920 3075 1014 3143 beato
1043 3077 1215 3144 erimberto
1237 3083 1270 3143 et
1291 3077 1421 3144 ecclesie
1447 3077 1557 3160 ipsius,
1577 3082 1612 3143 et
1632 3075 1775 3142 Marouie
1795 3083 1829 3155 et
1851 3076 1982 3145 Cuiavie

431 3176 674 3261 episcopatibus,
696 3195 767 3244 curn
789 3195 943 3244 consensa
963 3176 1099 3244 tiliorum
1124 3196 1265 3245 meorum
1293 3177 1453 3245 Bolezlari
1480 3177 1567 3246 ducis
1596 3177 1739 3245 bfazovie
1766 3185 1800 3246 et
1828 3176 1982 3246 Kaz'imiri

186 3321 191 3328 ·
301 3360 304 3367 ι
431 3275 521 3345 dude
543 3277 672 3346 Caiarie
693 3278 806 3346 donavi
837 3286 988 3364 perpetuo
1011 3280 1207 3364 possidenda
1250 3281 1299 3349 Ut
1325 3286 1432 3349 autem
1461 3279 1519 3348 hec
1546 3298 1617 3348 mea
1645 3279 1773 3347 donatio
1797 3279 1894 3348 rabur
1915 3299 1982 3348 sor·

431 3379 534 3447 cietur
554 3387 705 3464 perpetue
726 3380 887 3449 firmitatis
908 3390 942 3450 et
962 3400 983 3448 a
1004 3383 1082 3449 meis
1107 3383 1243 3467 posteris
1268 3384 1301 3450 in
1331 3389 1518 3468 perpetuum
1540 3381 1764 3449 inviolabiliter
1788 3382 1981 3464 observetur,

430 3487 608 3567 presentem
626 3485 772 3567 paginam
794 3484 855 3550 mei
876 3483 972 3567 sigilli
992 3502 1031 3551 ac
1049 3484 1223 3567 sigillorum
1236 3484 1488 3568 supradictorum
1502 3503 1642 3552 meorum
1658 3485 1793 3551 ilionm
1808 3485 1980 3551 munimiae

430 3581 507 3650 duxi
528 3582 745 3652 roborandam.
768 3584 888 3652 Datum
909 3585 943 3650 in
963 3584 1073 3668 Spirae
1094 3604 1177 3652 enno
1198 3587 1303 3669 gracie
1324 3584 1500 3653 Mecum
1523 3586 1669 3667 munde,
1689 3585 1736 3652 Vl
1757 3586 1832 3672 (sie)
1852 3585 1885 3653 X
1904 3585 1979 3670 (sie)

430 3684 590 3754 Kalendns
612 3685 695 3769 Iulii,
717 3688 906 3755 venerabilis
925 3689 1027 3771 petris
1048 3689 1110 3756 mei
1130 3687 1279 3755 Falconis
1300 3688 1502 3773 pontificatus
1523 3706 1606 3758 anno
1628 3690 1758 3757 decimo.

533 3888 728 3958 Ouiariensis
749 3891 965 3976 episcopatus,
999 3902 1021 3958 r.
1039 3897 1067 3971 j.
1090 3896 1129 3958 de
1156 3893 1348 3958 Wlocioruelr.
1381 3892 1588 3961 Mezoviensis
1608 3892 1824 3978 episcopatus,
1856 3901 1876 3957 r.
1892 3897 1922 3972 j.
1941 3897 1980 3958 dc

431 3996 538 4060 Ptoch
573 3992 701 4075 horich,
723 3998 851 4061 tonica
880 3994 1019 4079 Vogbor,
1049 3999 1191 4061 Wolbora
1229 3994 1317 4080 Slnp,
1339 3994 1461 4075 Stupia.
1490 3995 1632 4080 Uneyou,
1660 3995 1799 4074 valerie
1830 3995 1981 4076 Srareva,

432 4093 598 4163 snm
635 4095 754 4180 Syiraz,
779 4101 916 4162 Slcradz.
1976 4134 1977 4138 =

957 4373 959 4376 ,
1098 4290 1171 4376 Nr.
1204 4286 1303 4377 235.

532 4486 688 4569 Promisi
720 4485 798 4568 dux
831 4485 981 4570 Paionia
1014 4491 1145 4568 1242
1179 4485 1275 4589 Sept
1309 4489 1355 4583 9,
1385 4485 1427 4567 in
1462 4485 1611 4590 Lubym
1648 4504 1791 4573 camut
1825 4503 1980 4571 amoenis

427 4605 653 4673 mercatoribus
675 4604 779 4671 Lubin
799 4606 1000 4673 visitantibus
1027 4607 1205 4673 libertatem
1233 4605 1338 4672 omnia
1356 4605 1510 4672 vendendi
1531 4613 1565 4674 ct
1584 4608 1717 4687 emendi,
1746 4625 1808 4674 non
1829 4605 1978 4673 obstante

427 4722 615 4791 quocunqm
636 4707 713 4774 iure.
1559 4716 1562 4723 “

531 4812 673 4889 Pergam.
695 4816 812 4890 orygim
857 4813 987 4875 Bzhcrlci
1007 4814 1049 4875 od
1063 4815 1301 4891 przyuieczeur’a
1316 4808 1428 4890 jodae·
1442 4817 1586 4898 preesset

532 4911 665 4977 mmor.
701 4913 772 4976 aaa
796 4912 967 4992 naaman
1001 4915 1140 4993 erpone
1162 4919 1198 4978 A.
1224 4913 1272 4975 re.
1294 4945 1338 4961 -
1357 4914 1538 4995 maaser.
1566 4916 1636 4980 cor.
1659 4916 1777 4994 coron.
1800 4916 1903 4979 roua
1926 4915 1977 4978 ro.

528 5113 567 5182 lu
587 5117 712 5184 nomine
732 5114 860 5183 Domini
881 5135 982 5185 umen.
1026 5118 1139 5186 Multis
1163 5116 1367 5183 incommodis
1388 5115 1560 5201 prudenter
1580 5118 1767 5197 occurrimus,
1789 5134 1860 5183 cum
1881 5117 1982 5184 etatis

425 5221 534 5285 matre
552 5218 682 5301 negocia
702 5219 882 5286 litterarum
901 5238 939 5287 ac
958 5221 1085 5287 testium
1106 5219 1279 5287 munimine
1300 5218 1500 5285 roboramus.
1536 5219 1672 5287 Proinde
1696 5235 1755 5285 uos
1775 5218 1909 5287 Premhl
1922 5219 1983 5286 Dei
