4492 6224
1034 606 1108 692 Nc.
1144 605 1244 693 150.

467 803 576 888 ealon
590 803 790 886 durannus.
805 803 1066 908 archiepiscop,
1085 808 1221 886 1233
1241 804 1316 888 iul
1334 808 1377 903 3,
1391 804 1433 886 in
1452 801 1624 908 Syradim
1657 820 1724 887 suit
1743 837 1834 903 nova,
1864 820 1913 887 in·

365 931 461 998 novat
480 931 516 992 et
535 931 629 1009 auget
650 930 758 992 vetera
778 928 902 992 statuta
923 925 1094 1011 synodalia,
1115 946 1172 1011 per
1193 925 1360 993 ecelesiam
1377 924 1525 992 Poloniae
1547 923 1750 990 observanda.
1859 1007 1861 1010 y

468 1031 576 1095 Heben
600 1032 798 1094 Starodcmee
815 1048 927 1109 pruma
950 1034 1106 1110 l’oisiicpo
1124 1034 1259 1110 pompili
1281 1031 1309 1093 1.
1325 1049 1359 1109 p.
1381 1030 1456 1093 341.
1480 1031 1675 1106 iicaeeampt
1691 1029 1914 1108 potmierdzoay
1997 1042 2001 1049 ·

363 1152 473 1217 prm:
496 1127 717 1198 sacrasse.
739 1130 916 1199 Gneancue.
939 1130 1069 1199 ecclesie
1086 1131 1310 1215 archiepiscop.
1335 1130 1417 1195 1357
1440 1129 1512 1197 ian.
1539 1128 1589 1211 10,
1609 1129 1643 1194 in
1663 1127 1764 1196 llalie.

469 1337 562 1404 Anno
597 1335 829 1404 lucarneeionis
860 1335 1013 1405 dominice
1057 1334 1322 1417 liccxxxlll,
1367 1335 1408 1402 V.
1445 1334 1553 1402 Nonas
1588 1332 1667 1402 iulii
1704 1334 1738 1400 in
1772 1331 1914 1418 Syradia

363 1440 431 1510 Nos
463 1437 561 1506 Falco
577 1438 784 1507 vGnerneusis
804 1438 1057 1524 archiepiscopus
1091 1458 1162 1507 curn
1183 1438 1334 1505 iratnbue
1355 1438 1474 1505 nostris
1510 1444 1545 1505 et
1576 1437 1768 1521 coepiscopis
1794 1435 1912 1503 nostrie

365 1548 398 1613 et
418 1540 490 1610 aliis
509 1541 640 1626 prelatis
661 1540 866 1610 ecelesiarum
887 1541 1016 1610 Polonie
1048 1541 1089 1610 ad
1110 1541 1270 1626 Synodum
1303 1541 1337 1607 in
1358 1541 1478 1607 virtute
1499 1541 1636 1626 Spiritus
1658 1541 1762 1607 saneti
1784 1557 1914 1623 congre·

364 1646 446 1732 geti,
483 1643 593 1711 babila
623 1643 767 1729 diligenti
800 1645 1043 1728 investigarione
1074 1643 1251 1729 superbiis
1282 1662 1344 1729 que
1363 1644 1405 1710 ed
1427 1643 1577 1711 bonorem
1598 1644 1710 1710 domus
1734 1641 1859 1709 Domini
1881 1646 1915 1707 et

364 1748 507 1817 decorem
529 1745 671 1814 Eccleeie
692 1745 783 1813 nobie
803 1747 968 1815 commisse
987 1747 1146 1832 pertinere
1168 1746 1365 1829 videbantur,
1396 1747 1643 1815 constitucioues
1663 1745 1858 1830 subscriptae
1876 1742 1916 1811 de

365 1867 518 1920 comeueu
539 1847 674 1916 fratrum
695 1854 876 1917 nostrorum
896 1855 931 1917 et
950 1851 1084 1918 eliomm
1107 1848 1236 1916 ecclesie
1257 1849 1452 1935 prelatorum
1473 1848 1637 1932 edidimus,
1660 1867 1715 1916 seu
1738 1845 1914 1914 innovando

364 1971 421 2022 eeu
441 1950 584 2021 addendo
603 1957 839 2020 entmoesorum
859 1959 1040 2021 nostrorum
1059 1951 1207 2034 statutis,
1230 1951 1365 2035 quedam
1386 1958 1483 2037 prout
1501 1952 1599 2020 saluti
1621 1949 1768 2035 expedire
1789 1948 1916 2017 videbu-

365 2075 435 2126 mue
456 2054 490 2122 in
509 2053 622 2123 melius
643 2053 852 2123 miormando.

467 2156 644 2227 steterimus
664 2158 781 2243 igitru,
813 2164 851 2226 ut
871 2159 977 2227 omnia
997 2158 1038 2226 de
1058 2156 1238 2227 reverencie
1255 2155 1533 2225 Sacramentomm
1553 2163 1587 2223 et
1607 2154 1836 2224 dehonestate
1856 2154 1917 2222 mi·

365 2263 537 2330 metrorum
566 2259 711 2344 ecclesie,
747 2266 786 2329 ut
817 2262 851 2328 in
883 2259 1023 2346 mdqaie
1045 2259 1216 2330 canonibus
1237 2260 1304 2328 sive
1325 2259 1359 2327 in
1381 2258 1662 2327 constitucionibus
1682 2263 1916 2325 autecessorum

365 2369 545 2432 nemorum
566 2364 630 2431 ἰιιιιι
650 2361 770 2431 dudum
790 2363 990 2448 promulgata
1011 2370 1096 2446 eunt,
1132 2363 1174 2430 ab
1205 2362 1350 2430 omnibus
1379 2362 1498 2430 nosmie
1527 2360 1664 2429 subditis
1693 2359 1916 2430 innobbiliter

367 2465 588 2549 clementum
623 2463 770 2533 'videlicet
791 2471 829 2532 ut
847 2466 1038 2534 mundiciam
1059 2470 1199 2547 eervedt,
1227 2464 1517 2550 irreprehensibiles
1537 2464 1658 2531 sintin
1679 2482 1790 2549 opere,
1811 2463 1919 2530 divine

364 2566 469 2638 oidcie
487 2569 600 2637 devote
617 2573 781 2655 peragam,
802 2567 844 2634 eb
864 2567 1081 2636 indecentiore
1103 2569 1240 2653 negociis
1260 2568 1428 2650 abelem
1450 2567 1589 2635 babeam
1607 2572 1770 2635 masuram
1792 2584 1916 2652 compe·

365 2677 501 2757 antem
534 2676 638 2740 vestes
667 2671 882 2756 inqualitate
910 2677 945 2738 et
968 2672 1149 2755 quandtate
1178 2670 1316 2740 clericali
1337 2670 1440 2739 officio
1459 2676 1680 2759 competentes,
1715 2668 1862 2738 videlicet
1879 2674 1917 2736 ut

365 2792 430 2843 nen
449 2773 545 2844 rabee
566 2793 624 2843 nee
643 2774 760 2842 virides
782 2792 840 2842 nee
860 2773 1026 2858 virgulata,
1047 2792 1106 2842 uec
1123 2774 1217 2842 nimie
1236 2772 1432 2858 longitudine
1453 2792 1512 2842 nee
1530 2772 1729 2843 brevitudine
1749 2791 1808 2842 nec
1824 2771 1919 2840 aliter

366 2875 546 2947 indecentes
566 2877 707 2946 manices
728 2875 877 2959 habeant,
900 2895 958 2945 nec
976 2876 1148 2946 consutiles
1168 2877 1298 2960 calceos,
1318 2894 1379 2944 ner
1398 2881 1564 2946 rostratae.

469 2978 572 3066 Super
584 2979 690 3047 omnia
703 2985 811 3046 entem
832 2979 977 3047 dietmete
998 2984 1176 3047 statuentes
1197 2977 1397 3065 precipimus,
1415 2986 1454 3047 ut
1466 2969 1575 3048 omnes
1590 2980 1695 3050 cleriei
1709 2979 1793 3048 meat
1806 2985 1914 3048 tenen

368 3087 423 3151 tur
443 3082 671 3152 continenciam
689 3080 859 3149 observent
878 3083 920 3150 ab
935 3083 1020 3151 omni
1033 3100 1149 3167 genere
1162 3081 1382 3151 fornicacionie
1394 3082 1601 3167 abstinentes,
1623 3091 1661 3153 ut
1673 3084 1783 3153 mundi
1796 3083 1914 3152 munda

366 3189 563 3271 pertractent
582 3184 774 3268 minbteria,
796 3185 932 3254 menime
952 3185 986 3252 in
1007 3186 1107 3254 sacris
1125 3185 1288 3254 ordinibus
1301 3186 1481 3269 constituti,
1503 3186 1619 3272 quibus
1641 3179 1786 3272 receptis,
1807 3187 1917 3255 matri·

225 3347 228 3351 .
371 3287 479 3356 monle
498 3287 679 3356 nullomodo
700 3288 747 3356 eis
764 3287 856 3356 licuit
876 3288 1062 3357 conuehere
1083 3307 1142 3357 nec
1161 3289 1210 3357 uti
1232 3289 1417 3373 mamantis,
1449 3289 1716 3375 berquariam,
1738 3291 1772 3357 in
1793 3289 1921 3358 minori·

367 3389 427 3460 bue
442 3392 630 3474 metente,
666 3391 821 3477 legittime
842 3399 1077 3461 meminerunt
1100 3393 1298 3461 concubinas
1318 3393 1417 3479 igitur
1437 3411 1546 3462 omnes
1566 3393 1711 3462 districte
1730 3393 1919 3479 precipimus

366 3500 405 3563 ni
421 3514 443 3564 a
462 3512 498 3565 se
518 3496 645 3582 penibre
664 3495 821 3577 abdicent,
843 3496 1023 3564 nullomodo
1045 3496 1196 3564 audentes
1217 3503 1381 3582 suspectas
1400 3496 1435 3564 iu
1455 3496 1548 3564 domo
1562 3496 1691 3582 propria
1710 3496 1761 3563 vel
1775 3495 1919 3564 alioloco

366 3598 503 3667 refluere
523 3597 667 3666 iemillne
687 3597 733 3666 Et
752 3598 829 3666 lieet
842 3615 938 3684 super
959 3599 1019 3667 hoc
1040 3599 1134 3666 editis
1148 3617 1187 3666 ex
1201 3599 1483 3666 constitucionibue
1504 3597 1687 3683 hequenter
1700 3604 1831 3685 propter
1844 3616 1918 3666 con·

366 3701 536 3770 mmaciam
557 3701 742 3771 clericorum
763 3720 880 3787 pervus
906 3701 980 3769 inde
999 3700 1123 3770 iructrm
1145 3701 1337 3786 pervenerit,
1372 3718 1431 3767 nos
1453 3707 1559 3768 tamen
1581 3702 1717 3786 amplius
1738 3700 1918 3768 nullomodo

366 3802 425 3873 hec
441 3822 501 3890 pro
521 3804 629 3890 abque
650 3823 786 3890 persona
806 3804 951 3873 volumus
970 3805 1127 3887 tollerare,
1164 3810 1198 3873 et
1231 3823 1302 3872 cam
1334 3803 1494 3888 aliquibus
1515 3804 1627 3871 tellum
1650 3812 1918 3888 transgressorum

366 3906 462 3976 aliter
482 3908 571 3994 penis
593 3909 750 3977 oenonieis
770 3907 951 3976 merentis
972 3908 1138 3993 disponere
1158 3907 1361 3990 intendimus,
1384 3907 1468 3991 quod
1489 3926 1572 3993 pena
1592 3925 1701 3975 eorum
1722 3909 1785 3976 erit
1806 3908 1919 3975 ceoeris

369 4010 403 4077 in
418 4009 604 4096 exemplum.
626 4011 814 4079 Mandemue
827 4013 926 4096 igitur
944 4010 1097 4078 iratribus
1118 4016 1152 4078 et
1173 4010 1365 4095 coepiscopis
1387 4010 1514 4091 nostrie,
1536 4016 1573 4077 ut
1594 4029 1690 4097 super
1710 4010 1770 4078 hoe
1784 4010 1918 4077 articulo

365 4112 530 4200 invigilent
550 4114 728 4198 diligenter,
749 4119 788 4181 ut
808 4119 946 4198 purgent
965 4115 1048 4181 lilios
1063 4113 1149 4195 levi,
1163 4120 1198 4180 et
1217 4109 1417 4180 anicrantab
1437 4113 1554 4180 occulis
1568 4112 1696 4180 Domini
1717 4112 1920 4198 opprobrium

366 4214 508 4285 Eecioeie
528 4215 596 4284 lici.
634 4216 830 4302 Preeipimue
850 4217 934 4285 enim
956 4217 1136 4301 specialiter
1156 4215 1384 4284 archidiaconis
1407 4214 1569 4298 omnibus,
1602 4220 1640 4282 ut
1669 4234 1762 4282 suum
1783 4214 1921 4283 cilicium

368 4317 536 4404 diligenter
564 4325 744 4400 exerceant3
783 4320 993 4404 personaliter
1015 4319 1162 4386 eeclesias
1198 4323 1233 4384 ct
1251 4317 1429 4386 secerdotes
1450 4318 1617 4385 visitentm
1648 4336 1710 4386 non
1754 4338 1811 4402 per
1831 4319 1919 4401 alios,

367 4423 429 4490 nisi
444 4428 521 4491 sunt
534 4423 619 4490 iusto
633 4429 668 4489 et
680 4421 850 4490 suilicieuti
872 4423 1095 4507 impedimento
1113 4421 1251 4503 detenti,
1272 4419 1444 4488 reforment
1464 4421 1636 4488 secundum
1651 4421 1752 4489 Deum
1767 4429 1829 4505 que
1845 4426 1922 4488 eunt

369 4523 577 4593 edormmna
614 4524 684 4593 Hoc
708 4532 815 4593 autem
838 4527 884 4592 eis
902 4524 1094 4606 inhibemus,
1125 4542 1165 4591 ne
1186 4522 1306 4606 aliquid
1327 4523 1467 4590 audeant
1487 4544 1508 4591 a
1525 4524 1741 4592 sacerdotibus
1762 4522 1920 4608 diquibue

365 4629 491 4696 nomme
511 4628 704 4695 visitacionis
725 4629 850 4712 exigere
871 4628 997 4711 quando
1019 4626 1234 4694 visitacionem
1255 4645 1319 4694 uon
1339 4626 1498 4709 exhibent,
1521 4644 1593 4695 cum
1615 4628 1741 4695 racione
1761 4625 1920 4693 visitacio·

365 4731 416 4798 nie
435 4732 617 4816 procuracio
638 4730 800 4797 debeatur.
845 4729 914 4796 lloe
936 4730 1035 4798 eciam
1057 4728 1228 4797 adicientes
1248 4731 1280 4797 in
1302 4749 1416 4815 penam
1437 4730 1689 4813 contumacium,
1711 4736 1749 4798 ut
1770 4731 1798 4799 si
1819 4729 1921 4797 archi-

365 4833 516 4902 diaconus
547 4834 663 4918 aliquis
691 4833 732 4901 ob
766 4834 885 4902 crimen
914 4833 1144 4900 incontineneie
1164 4832 1302 4917 aliquem
1324 4834 1525 4917 suspenderit
1545 4833 1781 4918 presbyterum,
1820 4834 1922 4918 ipsam

365 4937 574 5021 penitenciam
597 4955 659 5003 non
678 4936 809 5017 relaxet,
832 4935 893 5002 nisi
913 4935 953 5002 de
973 4936 1109 5003 sciencia
1129 4934 1295 5018 dyocesani
1318 4936 1457 5021 episcopi
1477 4942 1511 5003 et
1530 4954 1672 5003 assensa

386 5099 388 5106 .
467 5038 549 5106 item
569 5039 776 5123 precipimus,
798 5037 883 5122 qrrod
905 5056 1027 5120 omnes,
1050 5039 1262 5121 cuiuscunque
1282 5038 1349 5104 sint
1370 5038 1575 5120 condicionis,
1608 5039 1761 5107 decimam
1781 5057 1821 5105 cx
1841 5038 1922 5107 inte·

364 5158 422 5226 gro
442 5141 623 5226 persolvant
644 5143 676 5209 in
698 5140 917 5226 gonythuum,
943 5140 1018 5207 licet
1039 5140 1105 5207 sint
1119 5146 1261 5208 aratores
1282 5141 1428 5208 militum.
1474 5140 1556 5221 Quia
1573 5158 1658 5222 vero,
1689 5142 1765 5209 lieet
1791 5141 1922 5210 ecclesia

364 5242 494 5312 Polonie
531 5244 597 5311 sive
630 5263 686 5328 per
709 5244 923 5312 tolleraneiam
954 5245 1019 5310 sive
1048 5262 1106 5328 per
1127 5244 1357 5312 concessionem
1402 5243 1556 5311 militibus
1589 5243 1719 5311 Polonie
1740 5244 1923 5327 permiserit

366 5346 486 5414 solvere
506 5346 643 5414 decimas
664 5346 706 5414 ad
728 5346 875 5414 ecclesius
897 5365 975 5430 quae
997 5346 1159 5430 elegerint,
1192 5346 1321 5429 quitiam
1341 5345 1401 5414 hac
1422 5347 1623 5415 concedere
1645 5347 1712 5414 sive
1741 5347 1924 5417 tolicmncia

1712 5464 1762 5522 ii·
