4574 6240
1303 483 1377 570 Nn.
1409 483 1450 571 4.

716 696 910 800 Gregorius
935 697 999 802 Pp.
1017 697 1094 781 un
1119 701 1254 780 1075
1271 695 1359 802 dpr.
1377 703 1459 795 25,
1483 697 1612 800 Rome3
1638 722 1746 783 mona
1766 715 1946 785 Batauam
1965 714 2077 785 unam
2094 716 2156 785 1³0·
2212 713 2216 720 '

611 819 765 904 tonorum,
786 826 825 886 ιιι
845 819 965 903 legatos
985 839 1006 886 a
1026 836 1060 887 se
1081 818 1193 885 missos
1214 818 1247 885 in
1269 818 1402 902 negotiis
1429 818 1578 886 ecclesiae
1592 818 1758 888 Potonicae
1772 820 2005 904 pertractandis
2018 819 2156 902 alienet,

612 928 646 993 et
663 923 811 1010 pecunias
832 923 899 1007 regi
920 922 1093 990 Russorum
1114 921 1240 989 ablatas
1260 922 1419 989 restituat.

715 1030 880 1109 Bieloneld,
905 1029 1034 1092 Monam
1058 1031 1200 1092 Polono'oe
1221 1029 1323 1094 dtrlor.
1350 1030 1374 1093 1.
1385 1049 1417 1109 p.
1433 1028 1499 1092 307
1513 1025 1563 1115 (ze
1585 1030 1688 1093 Merui
1699 1047 1817 1095 senor.
1838 1031 1994 1094 concilior.
2014 1030 2155 1100 collectio,

612 1132 682 1196 ΧΧ.
699 1151 733 1213 p.
755 1132 823 1208 dd.)

714 1333 885 1419 Gregorius
907 1336 1071 1420 episcopos
1093 1352 1202 1402 seruus
1224 1353 1384 1402 seruorum
1405 1333 1477 1416 Dei,
1498 1332 1643 1402 Bolaslao
1664 1335 1737 1402 duci
1758 1335 1946 1403 Polooorum
1968 1334 2104 1402 adulam
2122 1340 2157 1400 et

611 1437 816 1521 apostolicam
837 1437 1093 1505 benedictionem.
1124 1436 1277 1517 Quoniam
1292 1436 1392 1504 honor
1410 1438 1465 1520 qui
1486 1437 1638 1505 ministris
1653 1445 1687 1505 et
1700 1438 1969 1522 dispensatoribus
1990 1436 2157 1504 exhibetur

610 1540 653 1609 od
673 1542 880 1609 reuerentiam
901 1542 1097 1607 dominorum
1117 1540 1276 1624 propriam
1303 1541 1440 1607 attinere
1465 1539 1668 1623 dignoscitur,
1691 1541 1801 1625 procul
1821 1541 1917 1608 dubio
1937 1545 2102 1625 gratanter
2122 1545 2156 1606 et

612 1662 683 1712 cnm
702 1644 805 1711 multa
825 1643 992 1711 dilectione
1012 1643 1260 1710 ministrantium
1286 1642 1376 1710 labor
1403 1642 1567 1727 officiaque
1592 1644 1816 1728 suscipiuntur,
1843 1643 1884 1711 ab
1912 1644 1963 1711 his
1988 1643 2074 1725 dica
2100 1644 2155 1727 qui

611 1745 804 1831 prelatorum
824 1764 975 1832 personas
996 1721 1274 1814 etauctoritatem
1295 1765 1334 1814 ex
1356 1746 1449 1814 eorde
1470 1747 1600 1831 diligere
1621 1748 1874 1839 comprobantur.
1908 1746 1946 1814 In
1967 1747 2027 1814 hoc
2048 1751 2155 1814 autem

611 1849 824 1932 cognoscimus
850 1849 933 1934 quod
960 1848 1146 1917 excellentia
1166 1856 1273 1916 vestra
1292 1849 1420 1916 beatum
1440 1848 1570 1916 Petrum
1591 1850 1805 1933 apostolorum
1831 1849 2004 1934 principem
2025 1848 2155 1916 sinceris

610 1949 774 2018 affeedbns
795 1951 899 2035 diligit
916 1957 950 2018 et
970 1952 1011 2020 ad
1032 1952 1239 2019 reverentiam
1268 1951 1336 2018 dus
1363 1952 1487 2018 ardendi
1508 1951 1631 2035 ,spiritu
1656 1951 1820 2034 dilatatur,
1846 1952 1993 2036 qnoniam
2013 1951 2157 2036 gratudta

610 2053 775 2149 deuotione
795 2055 909 2122 uestris
927 2074 998 2121 eum
1027 2054 1238 2122 oblationibus
1267 2055 1458 2122 honorantes
1487 2054 1658 2122 debitorem
1686 2055 1776 2121 vobis
1796 2056 1865 2122 fieri
1886 2055 2088 2138 desideratis,
2122 2060 2156 2121 et

610 2155 694 2223 deut
712 2157 746 2223 in
766 2157 902 2223 Domino
924 2157 1116 2239 confidimus,
1135 2156 1361 2240 promeruistis.
1406 2155 1500 2223 Unde
1520 2161 1554 2223 et
1574 2174 1631 2223 nos
1661 2157 1716 2240 qui
1742 2157 1828 2224 illios
1858 2157 1941 2225 servi
1967 2156 2101 2224 dicimur
2121 2162 2156 2224 et

610 2276 680 2326 esse
701 2260 852 2345 cupimus,
872 2268 976 2327 vestre
998 2260 1124 2327 anau
1147 2261 1180 2325 in
1199 2258 1327 2325 christo
1348 2259 1479 2325 connexi
1500 2276 1621 2341 sumus,
1635 2264 1670 2326 et
1691 2278 1799 2327 euram
1820 2260 1988 2328 ministerii
2008 2259 2049 2328 ad
2071 2258 2156 2343 quod

609 2361 669 2429 aab
689 2361 867 2430 obedientia
888 2362 1053 2446 apostolici
1074 2362 1269 2446 principatus
1292 2361 1416 2429 occulta
1437 2361 1497 2427 Dei
1518 2361 1711 2445 unpematm
1731 2380 1789 2430 nos
1811 2362 1886 2431 lieet
1906 2362 2050 2447 indiguos
2071 2361 2156 2429 ordi·

609 2464 699 2532 navit
718 2471 815 2550 atque
837 2467 1011 2549 constituit,
1034 2467 1067 2532 in
1088 2485 1127 2533 ea
1147 2471 1240 2550 parte
1267 2484 1331 2549 qua
1356 2464 1445 2532 vobis
1471 2465 1680 2533 necessarium
1709 2472 1744 2533 et
1768 2466 1935 2533 honestum
1955 2465 2023 2533 iore
2043 2475 2156 2549 eogno-

609 2567 746 2636 verimus
768 2574 857 2637 anto
879 2570 1032 2637 solicitius
1052 2568 1141 2637 vobis
1163 2570 1320 2654 impartiri
1346 2570 1499 2654 cupimus,
1520 2574 1640 2653 quanto
1658 2567 1752 2637 fidem
1774 2573 1808 2636 et
1827 2557 1994 2637 eamaoem
2015 2574 2154 2636 vestrm

477 2704 483 2710 ·
609 2675 644 2738 et
663 2670 886 2740 inobediendo
907 2673 1132 2758 promptiorem
1153 2679 1188 2740 et
1207 2672 1241 2739 in
1261 2672 1466 2756 promerendo
1487 2671 1679 2739 devotiorem
1692 2670 1908 2755 intelligimus.
1935 2669 2064 2752 Verum,
2079 2670 2157 2755 quia

610 2772 791 2843 Ohdsdane
811 2775 970 2860 religionis
991 2776 1067 2843 ordo
1089 2782 1123 2843 et
1143 2775 1275 2860 provida
1295 2774 1487 2860 depeream
1502 2774 1545 2843 ab
1558 2774 1608 2841 his
1621 2774 1814 2859 permaxime
1827 2779 1901 2859 post
1919 2773 2022 2841 Deum
2040 2773 2157 2858 pendet

609 2877 665 2963 qui
684 2876 832 2947 dominici
851 2880 954 2965 gregis
974 2886 1118 2964 pastores
1138 2886 1173 2946 et
1192 2885 1330 2947 rectores
1348 2896 1420 2946 esse
1437 2877 1594 2961 videntur,
1608 2877 1687 2944 illud
1702 2877 1792 2945 nobis
1806 2878 1908 2962 primo
1927 2876 2155 2945 attendendum

477 3013 481 3022 ·
609 2984 669 3063 oet,
690 2980 775 3065 quod
796 2981 934 3068 episcopi
956 2987 1171 3064 terraneam,
1192 3001 1255 3049 non
1277 2980 1428 3049 babentes
1447 2986 1568 3049 certum
1591 2980 1834 3065 metropolitane
1854 2980 1938 3047 sedis
1968 2979 2072 3048 mcum
2097 2997 2157 3047 nee

609 3081 669 3152 sub
689 3083 797 3169 dique
816 3084 913 3170 positi
934 3086 1124 3169 magisterio,
1146 3086 1209 3153 lonc
1229 3091 1264 3153 et
1284 3085 1359 3152 illuc
1380 3104 1438 3171 pro
1458 3103 1518 3154 sua
1532 3087 1665 3171 quisque
1679 3083 1878 3152 ordinatione
1891 3090 2053 3170 vagantes,
2067 3084 2157 3152 alba

546 3207 548 3210 ’
609 3186 735 3273 regulas
761 3193 797 3255 et
823 3188 951 3256 decoeta
978 3194 1160 3256 sanetum
1191 3194 1318 3273 patrum
1345 3187 1437 3255 liberi
1465 3192 1542 3254 eunt
1565 3193 1600 3254 et
1626 3186 1773 3256 absoluti.
1817 3186 1939 3256 Deinde
1961 3206 2046 3270 nero,
2070 3185 2156 3273 qnod

608 3288 694 3358 inter
713 3296 838 3359 ιιιιιιιιιι
858 3291 1019 3360 hominum
1041 3291 1275 3358 multitudinem
1302 3291 1381 3358 adeo
1404 3290 1499 3375 pauci
1519 3294 1595 3358 sunt
1615 3288 1755 3376 episcopi
1775 3294 1810 3358 et
1829 3289 1934 3375 ample
1959 3290 2155 3376 singulorum

608 3392 765 3478 puocbie,
787 3400 825 3461 ut
842 3394 877 3462 in
897 3394 1045 3463 subiectis
1066 3394 1209 3479 plebibus
1230 3412 1339 3463 curam
1360 3392 1547 3479 episcopalis
1567 3391 1662 3460 officii
1683 3392 1865 3461 nnssaoenus
1886 3393 1998 3479 exequi
2015 3399 2073 3461 aut
2092 3395 2155 3461 rite

609 3496 831 3566 eminam
850 3497 1078 3582 caenez-pro
1105 3497 1156 3564 his
1184 3498 1282 3583 igitur
1305 3503 1340 3566 et
1362 3497 1434 3564 abb
1455 3498 1559 3565 musis
1580 3515 1660 3582 quas
1675 3494 1734 3582 ‚bic
1754 3496 1891 3565 seribere
1911 3496 2073 3564 ambimus
2093 3496 2153 3563 hos

462 3686 464 3691 ¹
609 3597 731 3685 legatos
748 3598 791 3667 ad
811 3618 865 3667 nos
886 3598 1067 3681 deerimus,
1090 3607 1245 3684 quatenus
1265 3599 1425 3667 nobiseum
1447 3600 1652 3684 pertractatis
1672 3598 1808 3684 negotiis
1828 3617 1891 3683 que
1904 3599 1946 3667 ad
1966 3599 2156 3668 ecdesiasti·

610 3719 681 3771 carn
697 3720 806 3788 curam
827 3707 861 3770 et
880 3701 1109 3770 alilieatiomm
1132 3701 1281 3786 Corporis
1303 3702 1432 3785 Christi,
1447 3702 1533 3787 quod
1546 3707 1596 3770 est
1609 3702 1748 3770 fidelium
1767 3703 1976 3788 congregatio,
1997 3703 2156 3788 pertinere

609 3803 766 3888 sidentur,
787 3824 849 3891 que
870 3804 1065 3873 emendanda
1084 3810 1160 3872 sunt
1184 3810 1242 3873 aut
1269 3804 1330 3891 ipsi
1356 3806 1446 3873 iuxta
1473 3812 1656 3873 sanctorum
1681 3811 1809 3890 patrum
1837 3811 1962 3874 statuta
1987 3805 2155 3889 diffiniam,

455 3989 459 3996 ¹
487 3997 489 4001 .
610 3911 669 3977 aut
688 3907 778 3976 nobis
798 3907 982 3977 diffiniema
1000 3907 1148 3976 referant.
1192 3909 1257 3976 Eos
1278 3909 1386 3993 itaque
1406 3909 1490 3976 sicut
1516 3927 1574 3975 nos
1595 3909 1717 3993 audite,
1744 3927 1897 3977 memoras
1921 3909 2061 3997 qnodin
2080 3910 2156 3977 nuis-

610 4008 698 4078 sione
718 4008 942 4095 discipulorum
963 4029 1020 4093 per
1040 4010 1235 4093 evangelium
1256 4010 1374 4078 ueritas
1395 4011 1494 4079 dicat:
1518 4011 1578 4092 Qui
1598 4030 1654 4079 vos
1670 4011 1759 4080 audit
1779 4031 1830 4080 me
1850 4012 1951 4094 audit
1972 4016 2007 4079 et
2027 4013 2082 4096 qui
2096 4031 2152 4080 uos

609 4112 731 4198 spernit
746 4132 798 4181 me
815 4114 953 4197 spemit;
976 4119 1010 4180 et
1029 4119 1067 4180 ut
1087 4111 1266 4181 fructuosus
1287 4114 1371 4198 apud
1391 4134 1447 4182 vos
1469 4133 1579 4182 cursus
1593 4114 1789 4201 fatigationis
1814 4134 1923 4184 eorum
1940 4115 2009 4190 liat,
2024 4120 2155 4201 propter

608 4216 816 4285 manentiam
834 4216 1005 4301 apostolice
1024 4216 1191 4300 legationis
1218 4237 1283 4301 qua
1306 4216 1489 4302 iunguntur,
1512 4218 1650 4285 consiliis
1679 4224 1713 4286 et
1740 4217 1874 4303 benigno
1903 4217 2010 4286 boore
2037 4219 2153 4287 iuvate.

609 4316 659 4387 De
680 4323 784 4386 cetero
798 4320 1001 4387 admonemus
1022 4338 1078 4385 vos
1099 4325 1133 4387 et
1153 4320 1357 4387 exhormmur
1376 4321 1410 4387 in
1430 4321 1576 4403 Domino,
1606 4326 1644 4387 ιιι
1668 4321 1752 4388 diem
1779 4322 1926 4388 ultimum
1950 4321 2016 4389 vite
2040 4326 2154 4401 unaue,

610 4438 704 4507 quem
724 4421 876 4506 ignoratis
897 4422 1023 4506 quando
1045 4423 1160 4504 renim,
1186 4429 1220 4490 et
1242 4428 1393 4491 terrorem
1422 4424 1521 4491 futuri
1549 4422 1657 4490 iudicii
1685 4442 1809 4508 semper
1838 4441 1943 4490 coram
1971 4424 2071 4490 ocula
2098 4423 2155 4490 lun-

608 4521 730 4607 beutes,
753 4525 951 4592 commissam
971 4525 1059 4592 uobis
1080 4531 1271 4610 potestatem
1294 4526 1419 4594 solicita
1453 4532 1487 4592 et
1512 4525 1580 4592 Deo
1603 4525 1723 4609 placita
1749 4525 2021 4593 administratione
2047 4545 2156 4610 gerere

608 4626 774 4711 studeatis,
796 4635 1003 4713 preparantes
1025 4627 1112 4694 nobis
1133 4627 1260 4695 diuitias
1283 4629 1315 4694 in
1337 4629 1483 4712 operibus
1511 4628 1601 4695 bona
1631 4635 1665 4695 et
1694 4629 1945 4695 thesaurizantes
1970 4627 2094 4696 firmum
2123 4636 2158 4696 et

609 4727 767 4798 immobile
787 4729 1034 4812 inritamentum,
1056 4736 1094 4796 ιιι
1113 4731 1212 4796 vitam
1233 4736 1375 4797 etemom
1393 4730 1590 4815 possideatis.
1634 4730 1722 4798 Scire
1743 4730 1825 4797 enim
1848 4730 1977 4814 debetis,
2006 4732 2154 4815 quoniam

609 4848 763 4918 supernus
784 4833 903 4900 arbiter
924 4852 985 4917 que
1006 4831 1095 4899 vobis
1116 4832 1273 4899 commisit
1298 4833 1480 4917 irrequisita
1501 4851 1564 4900 non
1586 4832 1761 4915 relinquet,
1789 4833 1838 4899 cui
1868 4838 1958 4899 anto
1980 4833 2155 4901 districtius

610 4936 790 5021 responsuri
810 4937 896 5018 estis,
915 4942 1034 5020 quanto
1057 4935 1210 5020 ampliora
1230 4941 1307 5001 sunt
1335 4936 1406 5003 iura
1433 4942 1467 5004 et
1491 4935 1676 5002 iudiciorum
1700 4935 1914 5004 moderamina
1938 4954 2000 5020 que
2028 4939 2155 5004 tenetis.

482 5070 499 5082 -
609 5037 696 5108 nene
718 5048 825 5109 autem
842 5043 1039 5125 omnipotens
1061 5041 1148 5106 cuius
1169 5040 1319 5107 maimtas
1341 5046 1390 5106 ast
1412 5058 1506 5124 suuper
1525 5056 1632 5106 omnes
1646 5037 1843 5123 principatus
1864 5045 1898 5106 et
1920 5057 2026 5123 regna,
2040 5038 2158 5123 dirigat

612 5148 832 5225 conctactus
853 5149 975 5211 vestros
995 5143 1037 5212 ad
1058 5163 1149 5212 omne
1170 5162 1249 5228 opus
1275 5143 1391 5211 bonum
1419 5144 1453 5210 in
1478 5142 1564 5210 omni
1592 5141 1760 5228 prudentia
1787 5149 1821 5210 et
1848 5142 2072 5212 undatione
2094 5143 2158 5211 eir·
