4574 6240
510 304 583 378 148

504 503 640 590 quorlam
660 502 809 571 familiari
830 503 985 589 colloquio
1005 523 1062 587 per
1082 502 1208 572 interna
1228 502 1384 571 ‹insideria
1404 502 1616 571 delectentur:
1639 501 1813 569 extendant
1833 502 1979 585 aequiter
1992 520 2056 572 ma·

504 625 565 675 nas
585 625 670 689 suas,
692 626 826 691 quorum
847 607 1039 691 perversitas
1060 607 1113 673 uix
1127 626 1181 674 cos
1198 605 1315 675 babere
1335 608 1459 693 patitur
1473 606 1556 675 unde
1571 607 1689 689 vivam,
1706 607 1781 690 quin
1795 605 2057 691 peregrinationis

504 729 561 779 sae
578 709 728 778 datiuum
750 711 800 778 rel
822 711 1005 778 concutiant
1025 728 1082 795 per
1096 710 1317 795 calumpniam,
1332 711 1382 778 sel
1404 711 1566 778 excutiant
1581 729 1639 794 per
1652 710 1805 793 rapinam.
1842 708 1891 776 Dc
1912 726 1975 793 qao
1996 714 2057 780 etsi

507 813 630 898 magum
663 813 807 880 dolorum
839 832 1007 898 urgeamur
1027 813 1154 895 aetdeis,
1183 812 1260 880 illari
1294 820 1399 880 tarnca
1432 813 1660 880 intolerabilius
1689 830 1746 878 nos
1769 811 1878 893 inurit,
1908 811 1991 895 queri
2013 812 2058 882 bii

506 917 562 1001 qai
582 915 757 984 debuerant
778 924 1013 1001 perseeutomm
1034 917 1173 1002 ipsomm
1193 915 1335 984 danrmsrs
1355 919 1548 1001 extinguere,
1570 933 1634 983 aon
1656 915 1757 981 solum
1781 913 1970 983 detensionis
1993 935 2058 984 ιιι-

506 1035 583 1086 nam
603 1020 856 1103 persecutionum
878 1019 1001 1105 ignibus
1023 1037 1086 1087 non
1107 1025 1281 1103 apponunt,
1304 1038 1411 1086 verum
1433 1020 1540 1100 etiam,
1562 1016 1792 1102 quodammodo
1817 1017 1906 1101 ignes
1935 1018 2059 1102 ignibus

506 1120 722 1204 scceadeates,
744 1139 798 1188 eos
820 1121 1063 1205 importabiliter
1084 1127 1299 1206 persecuntur.
1341 1120 1431 1189 Sicut
1453 1121 1536 1188 enim
1557 1119 1597 1186 ad
1626 1138 1683 1186 nos
1708 1118 1894 1187 dilectorum
1924 1120 2060 1191 liliorum

507 1223 631 1292 abbatis
653 1223 798 1292 cistercii
820 1229 854 1291 et
875 1224 1062 1292 coabbatum
1082 1224 1180 1309 ipsius
1203 1222 1419 1290 cistertiensis
1440 1221 1567 1290 Ordinis
1589 1221 1718 1306 querela
1739 1223 1843 1305 gravis
1857 1227 1891 1290 et
1904 1224 2061 1311 stupenda

506 1327 660 1413 persenit,
682 1345 755 1394 eum
775 1326 966 1394 auctoritate
980 1326 1155 1411 apostoliea
1168 1327 1212 1393 sit
1225 1332 1383 1394 statutum
1397 1331 1432 1394 et
1445 1343 1591 1411 expresse
1605 1325 1826 1392 nichilominus
1843 1325 2059 1396 interdictum:

506 1432 545 1495 ut
562 1427 642 1495 nulli
663 1427 789 1495 omnino
811 1426 905 1496 liceat
923 1429 957 1494 in
977 1428 1103 1494 eosdem
1125 1427 1255 1496 abbates
1276 1435 1311 1496 et
1331 1448 1440 1495 eorum
1461 1428 1653 1496 monasteria
1675 1446 1730 1495 serr
1752 1426 1867 1496 tratres
1888 1428 1967 1497 inibi
1986 1448 2061 1498 con·

507 1531 638 1599 stitatos
659 1537 770 1599 contra
790 1529 824 1596 id
845 1531 929 1613 qaod
949 1530 991 1597 ab
1012 1530 1133 1615 origine
1155 1529 1283 1598 Ordinis
1308 1531 1451 1616 noscitur
1478 1531 1672 1612 institutum,
1702 1549 1761 1599 nce
1788 1549 1851 1599 aon
1881 1532 1915 1598 ia
1943 1531 2062 1602 vicinos

507 1631 558 1700 vei
578 1632 809 1701 mercennarios
830 1651 888 1718 pro
909 1652 947 1699 eo
968 1632 1054 1717 quod
1074 1633 1161 1717 ipsos
1182 1632 1222 1700 sd
1245 1632 1451 1700 laborandum
1472 1632 1624 1701 etiarm
1644 1635 1678 1700 in
1696 1633 1761 1701 illis
1775 1633 1886 1702 diebus
1899 1634 2063 1719 inquibus

508 1735 587 1821 ipsis
607 1734 825 1805 laborantibus
846 1734 902 1803 alii
922 1733 1087 1816 feriamur,
1106 1735 1156 1802 vel
1177 1735 1284 1821 dique
1305 1737 1466 1804 occasione
1494 1754 1602 1803 eorum
1630 1753 1692 1821 que
1719 1755 1740 1803 s
1769 1736 1962 1822 bengalmte
1987 1756 2064 1823 apo-

509 1839 622 1910 stolica
641 1840 688 1910 eis
709 1839 835 1908 indulta
855 1845 941 1922 sunt,
962 1856 1018 1906 sea
1040 1837 1253 1908 benefactores
1275 1858 1349 1907 suos
1370 1860 1429 1926 pro
1450 1857 1488 1906 eo
1510 1838 1595 1923 quod
1615 1838 1724 1924 aliqua
1744 1839 1821 1923 ipsis
1842 1837 1993 1908 mucida
2013 1841 2063 1909 cel

508 1941 660 2028 obsequia
680 1943 866 2028 obsequiosa
886 1943 992 2011 stadio
1014 1943 1158 2011 earimtis
1179 1942 1376 2028 impendant,
1405 1950 1463 2010 aut
1488 1944 1522 2009 in
1549 1942 1687 2024 aliquem
1716 1940 1756 2009 de
1783 1943 1923 2028 ipsorum
1944 1941 2065 2010 iarnilla

509 2045 660 2132 quamdiu
678 2045 712 2113 ia
732 2063 841 2114 eoram
863 2045 959 2113 tuerit
980 2043 1135 2112 mmalata
1155 2064 1213 2130 pro
1235 2063 1273 2114 eo
1298 2043 1383 2130 quod
1411 2045 1549 2113 decimas
1581 2043 1671 2110 iuxta
1702 2042 1786 2126 qaod
1814 2060 1924 2112 eoram
1951 2043 2064 2114 Ordial

509 2146 668 2217 indalmm
689 2153 822 2217 estnon
842 2146 1035 2232 persolvunt,
1064 2145 1114 2215 cei
1136 2145 1256 2231 aliquid
1274 2146 1361 2214 aliud
1389 2147 1469 2232 ipsis
1497 2145 1538 2214 ab
1565 2145 1740 2232 apostolica
1768 2144 1849 2214 Sede
1870 2164 2062 2232 concessum,

509 2251 671 2320 interdicti
690 2251 740 2319 sel
762 2249 1091 2320 excommunicationis
1113 2251 1303 2318 sententiam
1325 2250 1539 2335 promulgare:
1562 2249 1690 2334 quidam
1706 2248 1931 2336 arciepiscopi
1951 2256 1985 2319 et
1999 2251 2065 2337 epi·

510 2353 598 2440 scopi
619 2373 658 2424 ac
677 2353 734 2423 alii
751 2354 953 2423 ecelesmnrm
971 2353 1086 2439 prelati
1106 2371 1144 2420 ae
1166 2371 1273 2420 sonum
1295 2351 1456 2434 officiales,
1482 2353 1515 2419 in
1543 2351 1714 2437 premissas
1742 2370 1892 2437 personas
1921 2359 1956 2422 et
1984 2354 2065 2423 alias

510 2475 574 2543 que
594 2457 671 2544 ipsis
691 2456 743 2526 sel
764 2455 896 2524 suendo
916 2475 975 2524 seu
995 2454 1157 2555 vendendo
1178 2463 1235 2522 aut
1251 2454 1398 2523 molendo
1426 2454 1460 2522 ia
1488 2455 1676 2523 molendinis
1703 2455 1754 2522 sel
1778 2456 1810 2522 ia
1831 2454 1933 2525 turnis
1955 2475 2065 2527 comm

512 2559 673 2646 coquendo
691 2559 847 2645 aliterque
868 2558 1110 2640 communicant,
1130 2557 1301 2640 interdicti,
1330 2556 1545 2642 suspensionis
1572 2563 1606 2625 et
1631 2557 1960 2629 excommunicationis
1983 2559 2065 2630 ierne

511 2662 686 2732 mntendas
705 2665 819 2730 eontm
837 2660 963 2728 indulta
983 2658 1074 2729 Sedis
1095 2660 1268 2744 apostoliea
1295 2659 1487 2727 auctoritate
1508 2660 1646 2746 propria,
1669 2679 1709 2729 ae
1730 2660 1871 2729 dicamas
1889 2662 1997 2748 potius
2019 2672 2066 2733 te·
2122 2744 2124 2748 ¹

511 2764 669 2848 merimte,
698 2768 898 2850 presumunt:
932 2769 970 2830 ut
1000 2762 1046 2830 sie
1067 2763 1222 2831 sevientes
1242 2763 1277 2829 ia
1297 2762 1387 2844 istos,
1412 2762 1484 2830 illos
1504 2763 1573 2831 siae
1594 2763 1688 2848 culpa
1712 2763 1912 2848 culpabiliter
1931 2767 2067 2851 puniant

511 2867 709 2950 innocentem
741 2865 912 2935 efficientes
931 2884 990 2952 per
1010 2864 1071 2932 boe
1095 2863 1261 2934 deterioris
1292 2864 1480 2934 conditionis
1512 2882 1577 2948 eos,
1609 2884 1704 2951 quam
1737 2864 1849 2951 perfidi
1880 2867 1947 2937 sint
1977 2867 2066 2938 iudei

512 2982 592 3055 ques
614 2969 707 3056 calpa
726 2969 856 3056 propria
875 2975 1027 3055 perpetue
1047 2968 1195 3035 servituti
1215 2967 1372 3036 subiectos
1393 2986 1433 3042 ex
1454 2968 1523 3036 sola
1541 2967 1756 3037 misericordia
1768 2969 1871 3055 pletas
1885 2968 2067 3050 ¹(ilu'lstiana

512 3077 665 3158 receptat,
687 3072 763 3140 dum
784 3072 837 3141 eis
852 3069 1044 3139 subtrabunt
1065 3070 1314 3138 communionem
1334 3069 1474 3138 fideliam
1495 3090 1560 3154 qua
1579 3070 1621 3139 ab
1642 3070 1783 3156 ipsomm
1803 3071 1973 3142 iudeorum
1992 3093 2067 3160 par·

512 3175 622 3261 tlcipio
638 3192 702 3243 non
724 3180 881 3244 ammi.
903 3172 984 3242 cam
1004 3173 1103 3257 igitar
1122 3171 1214 3241 nobis
1232 3172 1449 3258 principaliter
1470 3173 1613 3241 iniuriari
1628 3172 1811 3259 probentur,
1833 3175 1888 3262 qai
1902 3177 2068 3263 privilegia

515 3276 607 3368 Sedis
627 3277 801 3364 apostolice
821 3276 872 3345 nei
892 3276 1101 3344 immerenter
1121 3274 1322 3360 impugnant,
1343 3276 1394 3343 nel
1416 3275 1659 3361 superficialiter
1678 3294 1787 3345 eoram
1808 3279 1904 3347 rerba
1923 3285 2069 3349 tenentes

513 3385 626 3450 conca
654 3379 795 3465 ipsoram
823 3379 965 3464 gestiam
993 3376 1190 3446 voluntatem
1219 3383 1254 3446 et
1273 3377 1487 3464 privilegiatos
1513 3376 1746 3463 prinlegionm
1771 3379 1909 3449 comodis
1943 3381 2068 3466 privare

514 3487 685 3560 conantur:
716 3482 861 3552 nolentes
891 3486 960 3549 tam
985 3479 1132 3548 abusivas
1158 3482 1364 3550 enormitates
1384 3499 1442 3548 sea
1464 3486 1530 3549 tam
1551 3498 1694 3548 enormes
1714 3479 1842 3565 abusus,
1865 3500 1929 3552 aaa
1948 3481 2068 3567 absque

513 3584 631 3654 iniarh
647 3583 738 3654 Sedis
757 3584 931 3672 apostolica
951 3583 1156 3669 excogitatas,
1177 3582 1388 3668 equanimiter
1408 3582 1558 3651 tolerare:
1585 3581 1768 3650 ussedom
1788 3589 1893 3654 vestre
1913 3603 1972 3671 per
1992 3603 2068 3670 spo·

514 3686 628 3757 stolicd
647 3687 768 3773 scripta
784 3686 980 3769 mandamus,
1002 3685 1152 3771 quatinus
1168 3685 1323 3770 inquisita
1335 3703 1431 3772 super
1448 3683 1610 3770 premissis
1629 3683 1812 3769 ᾱῦὶριιιίιιι
1832 3686 1977 3765 renate
1997 3705 2068 3757 sen·

514 3789 632 3858 tentius
649 3789 678 3857 si
695 3807 776 3876 qaas
793 3788 828 3857 in
845 3787 1023 3857 (laonensi
1043 3787 1205 3874 provincia
1225 3786 1407 3857 inveneritis
1428 3787 1474 3855 sic
1495 3785 1628 3872 proferri
1646 3787 1714 3855 siae
1727 3786 1914 3858 difficaltate
1927 3789 2070 3875 qualibet

513 3891 642 3978 peaibrs
661 3891 852 3972 relaxantes,
873 3890 945 3959 illos
964 3907 1044 3975 quos
1064 3907 1120 3958 cas
1142 3889 1253 3958 tulisse
1274 3889 1464 3971 constiterit,
1493 3889 1535 3956 ad
1555 3886 1812 3966 sadsiadendum
1832 3888 1952 3961 eisdem
1973 3891 2069 3972 abbe

515 3993 601 4064 tibus
621 3999 656 4063 et
675 3994 738 4062 biis
758 3994 793 4061 in
813 4011 893 4080 quos
914 3993 979 4062 late
1004 3992 1125 4061 tuerint
1148 3992 1189 4060 da
1211 3993 1356 4078 dampnis
1378 3998 1412 4061 et
1436 3992 1581 4076 expensis
1611 4009 1674 4077 quc
1706 3991 1869 4061 occasione
1889 3991 2069 4063 baimmodi

514 4095 679 4179 subierint,
700 4096 873 4165 monitione
893 4095 1047 4181 premissa
1064 4094 1262 4164 districtiom
1287 4113 1352 4179 qua
1377 4094 1524 4164 convenit
1554 4092 1767 4179 appellatione
1790 4100 1912 4163 remota
1934 4097 2068 4182 eogatls;

514 4215 696 4286 mactatum
714 4202 856 4266 vescam
876 4196 967 4265 nobis
984 4195 1120 4264 fideliter
1144 4196 1339 4282 recepturi,
1364 4200 1402 4263 ut
1426 4195 1507 4263 alias
1528 4195 1715 4264 excedentes
1740 4197 1786 4265 sie
1815 4215 1896 4281 pena
1923 4197 2069 4282 castiget,

515 4298 601 4387 qaod
620 4317 766 4368 acessus
787 4299 921 4367 alterim
942 4316 1006 4366 aon
1032 4299 1196 4384 procedat:
1229 4315 1293 4365 non
1323 4297 1477 4365 obstante
1504 4297 1730 4366 constitutione
1761 4297 1801 4366 de
1828 4297 1950 4367 duabus
1975 4299 2070 4369 dietis

515 4401 605 4472 adita
623 4402 658 4469 iu
679 4401 822 4470 Ooacibo
842 4401 992 4485 generali.
1036 4400 1127 4482 Quod
1148 4402 1176 4469 si
1197 4419 1260 4468 non
1281 4418 1390 4469 omncs
1410 4400 1473 4468 biis
1498 4400 1689 4485 exequendis
1714 4400 1879 4485 potueritis
1904 4400 2070 4490 intermse,

515 4504 580 4574 duo
597 4509 739 4573 vestm
756 4523 796 4572 ea
815 4503 1038 4571 nichilominus
1058 4509 1286 4595 exequantur..
1308 4502 1427 4574 Dabam
1448 4502 1570 4572 Perasii
1591 4501 1751 4584 Kalendas
1773 4503 1971 4588 Decembris,
1992 4524 2071 4592 pon·

517 4605 658 4678 means
678 4605 781 4675 nostm
801 4624 885 4676 sune
906 4612 1027 4675 octavo
