4574 6240
1151 641 1225 728 Nr.
1260 637 1357 728 125.

589 839 779 924 summm
805 838 882 922 dur
917 837 1069 921 orioro
1095 858 1124 921 s.
1151 858 1184 920 e.
1212 839 1247 920 i.
1274 840 1311 920 ot
1336 837 1381 941 ις
1406 853 1572 923 confirmet
1601 853 1802 922 domoon·
1835 853 1930 924 onae
1956 855 2031 943 we-

484 966 595 1053 gieree
616 959 720 1045 primo
739 978 761 1026 e
781 958 924 1026 Bolesieo
946 958 1025 1026 duee
1045 956 1203 1040 (iniuriae,
1226 963 1294 1025 tum
1315 977 1336 1025 e
1356 963 1448 1044 petre
1477 957 1576 1042 ipsius
1598 957 1745 1026 Mesoone
1764 955 1845 1025 duee
1870 957 2030 1042 Poionine,

482 1060 734 1140 monterione
755 1059 899 1129 Streelno
920 1061 1063 1130 colletue

586 1169 751 1246 Monunio
772 1170 953 1247 orppinotop
972 1187 992 1229 z
1014 1169 1128 1229 ummo
1150 1169 1347 1250 precepcione·
1367 1166 1589 1230 miesconem
1612 1181 1654 1226 no
1677 1163 1834 1242 jecorem
1854 1163 2031 1244 opiinlcipn

482 1288 673 1351 nuncupor.
718 1271 872 1334 Piemszo
892 1289 911 1332 z
931 1273 1002 1334 nico
1025 1272 1252 1349 moneto,
1277 1272 1477 1348 nedzwpozoj
1496 1270 1683 1353 nieucczntc
1708 1271 1838 1352 musto,
1868 1268 2027 1348 npobrutn

485 1376 571 1460 orote
601 1376 793 1457 trzpmejeop
813 1392 840 1435 rc
856 1371 980 1452 proco&
1003 1391 1073 1455 rscc
1103 1391 1229 1451 orzezep
1252 1392 1280 1434 rc
1297 1369 1384 1449 lewis
1399 1373 1509 1448 joooeo
1524 1391 1555 1434 .z
1574 1374 1724 1452 trepton,
1761 1374 1912 1451 eope...
1940 1368 2030 1437 (lucis

483 1473 682 1548 contudi...
716 1475 824 1554 Buteo
841 1473 966 1560 picczfo
984 1479 1128 1553 rupetne'e
1148 1483 1279 1538 retorto„

442 1646 446 1655 ,
585 1580 732 1644 sorzano
776 1580 893 1642 Auctio
914 1581 1088 1642 monasteri
1107 1597 1130 1640 s.
1156 1579 1286 1642 Murice.
1330 1578 1509 1657 liipotomotu

582 1780 703 1852 Notum
724 1780 768 1849 sit
788 1780 933 1849 omnibns
953 1778 1132 1848 bonimius
1154 1785 1220 1849 tum
1242 1778 1441 1865 presentibus
1462 1795 1557 1864 quem
1583 1777 1709 1863 foturis,
1738 1780 1890 1865 quonium
1919 1779 2030 1848 Boion-

480 1889 549 1958 ieue
569 1884 635 1954 (iux
656 1883 852 1953 Ouieriensis
873 1883 961 1952 dues
979 1884 1086 1969 magni
1106 1883 1286 1952 Mesehonis
1307 1881 1401 1966 filius,
1424 1881 1560 1950 eontulit
1578 1882 1773 1969 villamque
1793 1888 1926 1950 vocetur
1943 1883 2030 1951 Ven-

479 1987 587 2078 pricici
607 1987 702 2056 domo
722 1993 757 2058 et
776 1987 906 2056 ecclesie
926 1986 1021 2055 beute
1039 1987 1142 2055 Murio
1163 1988 1197 2054 in
1219 1985 1358 2069 StreIne,
1379 1985 1537 2072 peticione
1556 1986 1664 2053 uxoris
1687 1984 1829 2053 eiusdem
1856 1986 1945 2054 dude
1965 1985 2032 2055 Do·

480 2092 625 2162 modove
659 2096 695 2159 et
725 2091 849 2159 comitis
880 2089 1022 2158 Heinrici
1055 2090 1110 2174 qui
1138 2097 1216 2157 tunc
1247 2089 1456 2173 ponunetnm
1485 2089 1624 2157 eiusdem
1650 2088 1810 2173 provincie
1838 2086 2031 2173 possidebat.

481 2192 652 2264 Interiectu
672 2200 781 2262 nutem
802 2193 912 2261 mdmn
932 2192 1011 2260 duee
1031 2190 1181 2261 Bolenluo
1207 2191 1240 2258 in
1269 2189 1469 2260 Creoorieusi
1497 2192 1606 2277 prelio,
1631 2191 1697 2258 dux
1727 2189 1859 2258 Moscho
1887 2208 2032 2276 mugnus,

480 2303 573 2386 peter
591 2296 702 2382 ipsine,
724 2297 759 2363 in
779 2296 928 2363 demtum
950 2294 1079 2363 cumvie
1099 2295 1263 2377 successit,
1285 2295 1340 2378 qui
1362 2294 1494 2363 cundem
1514 2294 1623 2363 villum
1643 2294 1746 2362 eidem
1763 2292 1895 2362 eeclesie
1908 2293 2033 2363 huetii·

482 2399 564 2468 turio
585 2398 655 2467 iure
676 2417 735 2485 pro
756 2400 861 2467 enimc
879 2399 937 2466 iiiii
949 2398 999 2464 sui
1015 2396 1220 2480 confirmarit,
1241 2401 1276 2464 et
1290 2397 1420 2464 mittens
1433 2395 1513 2465 dnos
1526 2396 1646 2465 nobiles
1659 2413 1744 2479 suos,
1765 2395 1889 2464 scilicet
1900 2394 2032 2464 Petrum

483 2501 666 2572 Iednikoric
687 2509 721 2571 et
741 2502 925 2585 Debiorm,
946 2508 1117 2569 convocatu
1138 2500 1301 2567 vicinitate
1322 2499 1424 2567 eidem
1444 2498 1519 2566 ville
1539 2498 1756 2568 circuicionem
1776 2497 1927 2584 inposuit
1963 2497 2032 2579 om

482 2603 563 2673 duee
583 2604 706 2673 scilieet
726 2604 895 2673 Meschone
915 2603 1075 2686 defuncto,
1097 2602 1197 2672 multo
1219 2607 1293 2688 post
1314 2603 1464 2688 temporis
1485 2602 1652 2670 intemoilo
1675 2601 1841 2671 Cunmdus
1861 2602 1927 2669 dux
1946 2600 2033 2670 filins

480 2706 569 2775 uncis
596 2706 750 2774 Kuzimiri
781 2706 833 2792 pie
855 2708 1003 2775 memorie
1025 2708 1058 2774 in
1079 2706 1230 2775 duoctum
1260 2704 1477 2774 Cuieuensem
1497 2704 1660 2788 successit
1686 2706 1742 2790 qui
1771 2703 1905 2774 eundem
1923 2703 2031 2772 rillem

481 2807 583 2878 eiumn
600 2810 732 2879 ecclesie
753 2809 854 2878 tercie
873 2809 941 2878 vioe
960 2808 1154 2877 hereditario
1174 2809 1244 2876 iure
1264 2805 1462 2876 confirmem
1474 2812 1587 2892 rogntu
1601 2806 1725 2875 comitis
1738 2805 1893 2875 christini
1906 2807 1963 2892 qni
1975 2825 2032 2892 pu·
2176 2871 2177 2876 ,

486 2910 605 2980 hunus
624 2917 697 2980 eret
721 2913 755 2979 in
782 2911 892 2979 endem
916 2910 1085 2996 provincie,
1114 2911 1186 2980 istis
1211 2915 1319 2979 eutem
1344 2908 1555 2994 presentibus:
1589 2908 1760 2993 cunnum,
1786 2908 1878 2995 Lupo
1904 2909 2033 2978 Grnsri·

481 3012 578 3082 riensi
599 3013 781 3098 cestellme
803 3020 837 3082 et
858 3010 1026 3082 Meinirido
1048 3013 1187 3082 eusdem
1208 3012 1298 3081 dume
1319 3010 1430 3095 indice,
1448 3010 1624 3080 Veneezleo
1637 3011 1816 3097 subindioe;
1838 3013 1910 3080 istis
1922 3017 2032 3082 eutem

481 3114 667 3203 apollonis:
688 3114 850 3203 Gregorio,
871 3115 966 3184 Petro
987 3115 1235 3186 subcenoellnrio
1256 3115 1312 3203 qui
1332 3113 1529 3201 privilegium
1542 3114 1730 3203 mbscripeit
1741 3115 1823 3186 duee
1836 3115 2033 3202 precipiente

480 3222 515 3287 et
531 3218 679 3317 sigium
689 3219 791 3289 eidem
810 3218 974 3307 privilegio
994 3218 1154 3306 imposuit

582 3403 772 3493 Vungricici,
798 3409 962 3496 Μίνω.
1005 3406 1142 3492 Sinelon,
1162 3410 1307 3476 soncos

1149 3703 1225 3793 Nr.
1264 3698 1362 3793 126.

584 3899 800 3986 Broniesiur
818 3922 935 3987 eones
952 3901 1103 3986 Polonio
1131 3900 1382 4006 1230ien
1407 3903 1496 3999 29,
1521 3899 1720 4000 Pomone
1750 3915 1874 3987 nmero
1909 3916 2034 3986 necor·

484 4024 585 4089 tutem
607 4038 697 4090 ouum
717 4021 835 4091 dictum
856 4021 1036 4091 Gestelrove
1055 4022 1195 4090 Henrieo
1220 4021 1328 4091 ebbeti
1356 4021 1397 4091 (ie
1422 4021 1523 4090 Lenin
1549 4020 1590 4089 nd
1610 4020 1854 4092 construendum
1872 4020 2034 4091 ebenum
2096 4091 2098 4095 .

481 4119 609 4192 Ordinis
628 4122 856 4208 cisterciensis,
877 4123 1002 4195 nomine
1023 4124 1175 4212 Puredyt.
1695 4175 1696 4178 η

585 4230 726 4310 maroe
771 4231 943 4296 norece
986 4233 1142 4312 nempe,
1165 4230 1229 4294 ro.
1248 4231 1351 4309 pree
1375 4230 1427 4293 ro.
1449 4228 1479 4292 e

584 4429 623 4499 1n
645 4432 771 4501 nominc
791 4432 897 4502 Petris
918 4438 953 4501 et
973 4432 1047 4501 Filii
1069 4441 1102 4501 et
1123 4432 1261 4518 Spiritus
1283 4431 1385 4501 suncti
1407 4451 1509 4500 umen.
1553 4431 1735 4500 Broniseins
1761 4431 1822 4500 Dei
1850 4431 1957 4518 mnus
1977 4450 2034 4499 no·

480 4530 554 4603 bilis
575 4551 683 4604 eomes
702 4535 841 4604 Poionie
885 4535 958 4604 Non
978 4536 1097 4621 ubsque
1118 4535 1228 4605 dolore
1249 4535 1352 4604 cordis
1374 4541 1483 4602 nostre
1510 4535 1701 4603 condicionis
1727 4534 1923 4620 upniciouem
1943 4533 2035 4603 nobis

480 4637 632 4705 memorie
652 4638 803 4724 suggerit
824 4639 989 4722 presertim
1011 4639 1167 4706 cumcito
1187 4638 1323 4707 hominis
1344 4636 1519 4720 qmmlibet
1536 4644 1649 4723 potens
1670 4644 1704 4705 et
1724 4637 1851 4720 florens,
1873 4637 1918 4704 sit
1930 4637 2034 4705 denuo

482 4741 588 4807 temen
620 4759 719 4825 vapor
747 4740 788 4809 nd
816 4740 972 4809 modicum
999 4758 1124 4825 parcns,
1154 4745 1188 4807 et
1217 4741 1308 4825 qussi
1329 4739 1433 4807 fumus
1459 4747 1554 4808 vento
1575 4747 1686 4825 ruptus
1706 4740 1747 4808 de
1765 4738 1907 4808 mmemo
1950 4739 2035 4820 Qun·

482 4847 622 4927 propter,
644 4861 716 4912 cum
737 4844 837 4912 multe
855 4845 921 4911 sint
941 4843 1128 4925 occisiones,
1152 4848 1254 4911 restet
1275 4850 1312 4910 ut
1332 4844 1497 4911 mittemus
1524 4862 1653 4912 menum
1675 4843 1717 4911 eri
1746 4842 1846 4911 torcio
1866 4847 1901 4910 et
1922 4861 2035 4926 uppre-

482 4941 641 5012 hondetur
661 4945 875 5014 misericordie
894 4945 1086 5014 abscondens
1106 4945 1337 5030 eleemosynam
1358 4946 1391 5013 in
1413 4946 1516 5013 sinum
1531 4964 1706 5032 pauperum
1720 4944 1842 5013 Christi
1856 4963 1919 5029 que
1933 4945 2036 5029 possit

482 5062 573 5114 orere
593 5066 651 5133 pro
672 5046 778 5130 nobis;
799 5047 1050 5134 quondoquidem
1072 5047 1193 5115 nullum
1213 5048 1311 5116 cicius
1332 5049 1440 5133 pleont
1460 5053 1496 5116 ot
1515 5047 1557 5116 nd
1577 5048 1700 5116 renum
1723 5054 1830 5116 movet
1849 5047 1937 5133 pium
1950 5047 2035 5115 ludi·

261 5100 270 5165 3
396 5196 400 5204 -
482 5166 559 5232 oern,
582 5168 677 5237 quum
699 5169 779 5236 opus
799 5151 938 5240 pietotis,
965 5151 1204 5234 promissionem
1226 5149 1344 5218 hubone
1367 5152 1431 5218 rite
1453 5168 1515 5237 que
1544 5168 1628 5218 nunc
1650 5156 1702 5219 est
1726 5156 1761 5218 et
1785 5150 1901 5217 future.
1945 5149 2035 5231 Quod
2190 5229 2196 5242 Ι

482 5251 652 5320 ettemlens
673 5271 730 5338 ego
750 5254 930 5321 Bronissius
951 5271 1055 5320 comes
1076 5258 1110 5320 et
1130 5253 1243 5322 sedule
1263 5259 1368 5322 mente
1390 5259 1600 5339 merorum,
1625 5253 1666 5321 de
1686 5253 1864 5322 hmediteto
1885 5254 2036 5322 transito
2152 5247 2164 5264 '

483 5353 533 5424 riu
552 5360 588 5424 et
604 5354 708 5442 iupnci
729 5355 825 5424 michi
847 5357 987 5442 meisque
1009 5374 1192 5441 competere
1212 5355 1336 5425 decrevi
1359 5356 1542 5425 messurum
1571 5357 1606 5425 in
1633 5356 1708 5426 celis
1734 5356 1883 5426 etobilcm
1909 5361 1944 5424 et
1963 5375 2036 5442 per·

1845 5476 1880 5534 lo
