4574 6240
1782 279 1791 304 ⁸
1896 321 2018 412 'ras

475 580 564 640 „pes
585 553 662 624 inibi
683 549 751 618 Deo
780 546 953 617 militantes
983 545 1024 613 ob
1052 545 1231 629 religiosam
1259 542 1528 611 conversacionem
1559 540 1686 626 speciali
1717 539 1825 624 gracia
1854 544 1888 607 et
1915 537 2021 606 favore

476 673 704 758 prosequamur,
737 657 771 718 et
796 648 873 716 ordo
901 648 1024 715 iusticie
1049 652 1084 714 et
1109 647 1222 730 rigoris
1244 647 1363 728 exigat,
1394 651 1432 711 ut
1449 644 1540 711 iaxta
1560 642 1702 710 debitum
1723 640 1889 725 dignitatis
1911 648 2019 707 nostre

477 784 550 841 oure
568 757 674 827 debita
692 753 832 836 ipsorum
853 749 1024 834 dispendiis
1046 766 1246 816 oecumamus
1261 753 1294 814 et
1308 745 1514 831 profectibus:
1539 745 1649 812 talium
1664 743 1834 811 eorundem
1848 742 2021 809 ferocitatis

477 858 722 940 temeritatisque
742 853 940 938 tyrannidem
961 851 1156 919 refrenantes
1179 849 1427 933 compescuimus
1448 853 1544 929 prout
1564 846 1669 912 debite
1687 848 1879 911 meruerunt
1908 843 2020 925 Quare

478 963 610 1041 attalia
631 958 664 1024 ia
684 961 846 1040 posterum
868 972 931 1020 nen
956 945 1175 1032 admittantur,
1205 951 1289 1017 iusto
1318 949 1475 1017 communi
1501 949 1630 1015 consilio
1659 946 1722 1013 rite
1746 945 1950 1012 decernentes
1974 946 2022 1012 di·

477 1085 570 1159 gnum
594 1058 740 1128 duximus
771 1055 991 1123 statuendum:
1022 1059 1059 1119 ut
1091 1053 1270 1137 quicunque
1298 1069 1354 1119 seu
1382 1051 1503 1118 nobiles
1528 1054 1594 1119 sire
1618 1050 1781 1135 ignobiles,
1811 1049 2023 1133 cuiuscunque

478 1161 663 1244 eoadidcuis
684 1165 743 1227 aut
773 1156 938 1241 d'guitatis
959 1155 1133 1236 extiterint,
1161 1153 1269 1221 abbati
1295 1171 1351 1221 seu
1379 1152 1531 1220 iratribus
1552 1155 1617 1221 suis
1638 1153 1716 1220 dicti
1734 1151 1928 1232 monasterii,
1957 1152 2023 1218 sive

479 1264 598 1340 quouis
619 1279 738 1340 eorum,
760 1259 794 1326 in
814 1257 905 1326 bouis
925 1258 1066 1341 ipsorum
1092 1262 1126 1323 et
1154 1256 1300 1340 precipue
1332 1257 1366 1322 in
1398 1255 1589 1321 monaterio
1617 1254 1778 1338 quippiam
1805 1253 1949 1319 molestie
1967 1270 2023 1319 seu

478 1365 624 1442 violencie
652 1362 832 1443 intulerint,
865 1360 956 1428 nobis
985 1365 1019 1427 et
1044 1359 1161 1426 nostris
1187 1356 1419 1425 suecessoribus
1444 1375 1558 1440 penam
1584 1374 1646 1440 que
1671 1346 1885 1424 sedmcessant
1906 1354 2025 1421 dieitur

478 1471 642 1549 debebunt,
675 1471 709 1532 et
740 1464 849 1531 abbati
871 1463 948 1530 dicti
979 1462 1163 1529 monasterii
1189 1479 1302 1546 penam
1331 1459 1454 1526 solvent
1480 1476 1541 1540 que
1567 1459 1783 1543 pintaaeessce
1815 1462 2023 1540 nuncupatur.

396 1587 400 1595 ·
480 1577 545 1646 Hoc
564 1571 725 1638 emmam
746 1573 890 1635 uostmm
911 1572 1016 1632 ratum
1037 1571 1070 1632 et
1090 1561 1216 1630 tirmum
1237 1563 1355 1629 nostris
1381 1578 1420 1628 ac
1442 1559 1602 1643 perpetuis
1629 1559 1823 1642 temporibus
1845 1560 2022 1626 censuimus

479 1678 670 1745 domimum
713 1667 752 1735 In
773 1669 868 1735 buius
889 1668 936 1734 rei
955 1666 1180 1747 testimonium,
1203 1670 1380 1749 presentem
1401 1663 1542 1728 litteram
1564 1661 1623 1729 sibi
1641 1661 1712 1728 dari
1730 1663 1878 1728 iussimus
1900 1668 2023 1729 nostro·

480 1795 547 1847 rum
571 1771 745 1856 sigillorum
771 1769 944 1837 munimine
961 1767 1163 1853 ,roboratam
1208 1768 1323 1834 Actum
1355 1771 1389 1832 et
1420 1765 1531 1831 datum
1558 1765 1592 1831 in
1617 1765 1748 1833 (lamna
1774 1765 1858 1832 inira
1882 1772 2025 1834 ceturam

480 1876 560 1947 beati
581 1872 747 1940 adalberti
764 1871 905 1955 episcopi
926 1877 960 1937 et
980 1870 1130 1952 martyris
1151 1867 1279 1952 patroni
1299 1866 1499 1948 Pelouorum,
1526 1884 1609 1934 anno
1630 1866 1758 1934 Domini
1779 1867 1869 1935 MCC
1890 1867 2026 1951 quadra·

480 1975 594 2065 mmo
620 1971 767 2054 munda,
795 1970 994 2056 presentibus
1015 1969 1095 2036 hiis:
1129 1968 1256 2035 deniae
1278 1966 1431 2050 Boguialo
1449 1969 1595 2051 episeopo
1616 1967 1833 2048 Pazuauieusi,
1859 1967 2025 2053 Bogumilo

481 2077 617 2165 matina
638 2073 855 2155 Pcauaniensi,
887 2071 1058 2139 Dirsicraie
1086 2071 1229 2155 palatine
1255 2068 1452 2150 Kalissieusi,
1485 2068 1657 2137 nonanto
1682 2071 1785 2138 iudice
1810 2071 2026 2154 Pezuaniensi,

482 2175 618 2248 walae
635 2175 738 2243 iudice
758 2173 956 2256 Kalisseusi,
977 2172 1102 2241 Mathia
1123 2170 1247 2239 notaria
1269 2176 1387 2252 nostre,
1410 2178 1445 2238 et
1465 2169 1537 2237 aliis
1557 2171 1668 2239 multis
1688 2170 1750 2239 lide
1769 2171 1883 2256 dignis.

581 2359 705 2446 onya
727 2361 833 2427 mae

1147 2587 1222 2675 Nr.
1254 2583 1354 2674 233.

582 2783 728 2868 bobeta
753 2783 859 2867 ducis
885 2781 1035 2867 Palania
1061 2782 1264 2866 wladislai
1298 2787 1433 2865 1242
1464 2782 1551 2867 ilai
1582 2787 1665 2882 28,
1694 2784 1737 2868 in
1763 2785 1925 2888 duanam
1967 2823 2031 2872 una

483 2921 553 2972 cum
570 2903 644 2971 liliis
664 2903 731 2970 suis
752 2901 946 2970 Premislone
967 2908 1001 2970 et
1020 2902 1184 2985 Boleslao,
1216 2903 1323 2970 villam
1348 2902 1501 2988 Murczyn
1527 2903 1677 2972 eoelesiae
1697 2904 1876 2972 Gneznensi
1898 2904 2020 2972 coniert

588 3008 730 3072 onem
774 3009 893 3071 mlta.
921 3009 1052 3085 Capituli
1076 3007 1437 3088 asasonthamar.
1461 3008 1748 3085 KVrectotdd.
1877 3093 1880 3099 ⁴
1919 3015 1922 3019 ’
2024 3053 2026 3055 .

583 3208 622 3277 ln
647 3209 774 3278 namma
801 3208 929 3276 Domini
954 3210 1057 3276 noemi
1085 3207 1180 3278 lbesu
1213 3207 1333 3278 christi
1363 3227 1464 3278 amen.
1517 3208 1672 3278 Noveriut
1697 3210 1836 3278 universi
1868 3219 2031 3296 presentes

483 3316 517 3379 et
535 3313 663 3397 posteri,
685 3311 770 3397 quod
788 3330 846 3396 ego
867 3311 979 3379 relicta
999 3310 1089 3379 ducis
1112 3310 1241 3380 Polonie
1262 3310 1428 3380 Wladislai
1449 3330 1513 3378 une
1533 3329 1605 3380 cum
1622 3311 1697 3378 liliis
1719 3313 1798 3379 meis
1819 3313 1898 3380 duce
1911 3313 2031 3381 Premi-

336 3420 339 3428 '
483 3412 569 3481 alone
588 3419 686 3499 atque
706 3413 851 3481 Boieslao
873 3414 1063 3481 contulimus
1084 3413 1177 3481 beate
1200 3413 1371 3480 adalberto
1388 3414 1577 3497 villamque
1598 3413 1976 3499 Murcainenuneupatar
1997 3415 2031 3481 in

484 3531 593 3581 manus
614 3516 802 3583 smerabilis
823 3517 924 3601 patris
943 3515 1061 3582 domini
1083 3517 1183 3583 nostri
1204 3514 1364 3582 Fiulconis
1386 3515 1611 3600 archiepiscopi
1632 3515 1842 3597 Gneauensis,
1869 3516 1930 3583 sibi
1950 3517 2032 3583 suis·

381 3614 384 3621 ’
484 3632 544 3699 que
563 3617 795 3685 meeemoribus
815 3617 849 3684 in
871 3623 1057 3702 perpetuum
1079 3617 1315 3702 possidendam
1344 3616 1494 3685 addentes
1520 3616 1694 3684 liberaliter
1713 3624 1748 3685 et
1765 3619 1904 3702 graciam
1924 3621 2031 3703 gracie

484 3716 687 3800 mammea,
709 3725 748 3786 at
767 3719 910 3804 predicta
930 3719 1006 3786 villa
1025 3717 1143 3786 eisdem
1165 3718 1285 3785 iuribus
1307 3720 1372 3785 sive
1392 3718 1592 3786 libertatibus
1613 3720 1760 3803 madeat,
1783 3720 1897 3805 quibus
1917 3720 2033 3787 atalia

484 3817 557 3886 tilla
574 3819 855 3905 archiepiscopales
876 3840 915 3888 aa
936 3821 1107 3905 privilegiis
1125 3821 1380 3907 predecessorum
1401 3826 1581 3887 noseorum
1602 3828 1679 3888 suut
1700 3822 1825 3889 donata.
1858 3822 1906 3890 Ut
1926 3828 2033 3890 autem

484 3917 577 3988 buius
597 3920 779 3989 demciauis
800 3929 909 3989 nosue
929 3922 1147 3991 munificencia
1167 3930 1248 4004 rata,
1270 3921 1362 3989 firma
1378 3929 1413 3990 et
1433 3920 1558 3988 illibata
1578 3925 1739 4007 perpetuis
1754 3924 1948 4009 temporibus
1961 3943 2033 4009 per·

485 4028 615 4106 sereret,
636 4023 826 4108 scripturam
847 4032 1026 4108 presentem
1047 4025 1150 4109 sigillo
1178 4025 1292 4110 prefati
1309 4024 1398 4092 decb
1419 4023 1549 4091 Paionia
1571 4023 1633 4108 W,
1660 4027 1749 4094 aliud
1774 4028 1937 4111 preprium
1958 4033 2033 4093 tuac

486 4124 635 4210 temporis
651 4143 715 4192 non
736 4124 905 4209 babentes,
932 4127 1061 4212 dignum
1090 4128 1236 4194 clusimus
1257 4126 1475 4196 roborandam.
1519 4126 1674 4196 Promitte
1695 4148 1753 4214 ego
1780 4136 1885 4197 amen
1902 4128 2035 4196 Premisl

343 4275 346 4282 .
485 4221 548 4291 dux
568 4225 707 4309 Polonie,
728 4227 813 4311 quod
834 4228 960 4312 quanda
980 4247 1084 4295 meum
1106 4229 1269 4312 propriam
1288 4229 1426 4313 sigillum
1446 4228 1595 4312 habuero,
1617 4231 1749 4297 eanda-
1764 4233 1954 4324 scripturam
1968 4232 2035 4297 sive

486 4326 681 4412 privilegium
701 4329 794 4394 huius
816 4329 997 4396 domciouis
1011 4331 1107 4414 sigilli
1120 4332 1243 4414 proprii
1256 4333 1428 4397 munimine
1442 4331 1603 4414 roborans,
1618 4334 1866 4416 quandocunque
1881 4334 2036 4417 placuerit
2101 4385 2106 4393 .

487 4429 650 4499 movebo.
673 4433 789 4499 lictum
807 4431 841 4498 in
864 4432 993 4500 Gnezna
1013 4452 1096 4499 anne
1119 4433 1283 4500 Dominice
1303 4433 1534 4501 incarnacionis
1549 4435 1715 4503 millesimo
1729 4436 1942 4502 ducentesimo
1955 4452 2033 4516 qua·

487 4527 660 4616 dragesimo
681 4534 827 4617 secunda,
850 4541 984 4603 exeunte
1005 4554 1112 4603 mense
1130 4534 1225 4619 Mayo
1247 4536 1298 4602 die
1318 4554 1410 4617 nouo,
1426 4537 1623 4619 presentibus
1639 4538 1718 4604 hiis:
1739 4537 1900 4622 Stephane
1915 4535 2036 4604 maeel·

487 4628 575 4718 lario,
598 4633 749 4706 Cecirado
768 4636 940 4706 castellano
962 4637 1154 4717 Gneanensi,
1186 4637 1356 4704 Demarato
1377 4637 1480 4706 iudice
1502 4641 1597 4720 curie,
1625 4639 1776 4708 Sucrone
1806 4638 1977 4709 castellam
1996 4636 2037 4703 de

488 4728 601 4821 liesca,
623 4736 804 4807 cuasam
818 4740 948 4808 custode
966 4740 1161 4808 (lucanensis
1175 4740 1314 4820 ecclesie,
1336 4739 1515 4808 Gottbarde
1536 4742 1777 4810 subcameraric.

589 4938 762 5026 ldmcalno,
787 4948 945 5026 erectae
964 4942 1082 5026 llusce,
1111 4944 1220 5022 wirte.
