4492 6224
1858 272 1933 350 203

386 487 470 579 qood
490 419 684 556 reuerendus
705 485 777 570 (sic)
794 484 940 552 dominus
959 480 1091 551 Premul
1113 480 1178 547 dun
1196 479 1324 550 Polonie
1346 479 1625 548 commutacionem
1640 477 1802 546 uobiscum
1817 473 1934 543 furiens

386 577 446 680 pro
466 587 599 659 ecclesio
620 607 679 656 suo
699 585 740 655 dc
758 587 883 668 Pueost,
905 584 1068 653 eccloeicm
1089 583 1129 650 de
1155 584 1223 650 Zun
1244 602 1265 650 o
1283 583 1375 650 nobis
1401 583 1521 666 recepit
1548 581 1680 648 liberum
1709 599 1779 647 cum
1807 578 1937 646 decimis
2072 661 2074 665 ἢ
2137 633 2143 652 ,

387 711 421 780 pn
441 695 630 779 perpetuum
652 689 887 773 possidendum
918 688 1010 754 huius
1037 705 1112 753 vcro
1139 686 1268 753 ecclesie
1281 685 1435 754 decimum
1457 684 1531 752 ville
1544 689 1654 751 nostre
1667 681 1811 762 lluminc,
1832 681 1936 749 dicbus

386 794 532 866 dominus
553 792 589 859 P.
610 791 676 858 dux
697 789 826 858 Polonic
847 810 868 857 u
886 790 1047 874 capellano
1068 789 1108 856 de
1129 788 1198 854 Zun
1219 788 1354 855 eximere
1376 788 1514 871 cupiens,
1533 785 1642 853 usibus
1657 784 1805 849 Fratrum
1818 783 1859 849 de
1873 781 1937 849 Lu·

387 896 463 977 inu,
480 911 539 978 pro
560 892 696 978 quodum
718 892 794 958 villa
814 890 948 958 Vereniz
967 896 1151 974 nuncupato
1171 908 1266 972 quum
1292 889 1377 973 opud
1403 890 1489 974 ipsos
1519 884 1722 971 compererit,
1749 883 1938 952 hereditarie

387 995 595 1085 [soluturum.
631 994 669 1061 ln
689 994 811 1060 decimo
832 1011 907 1059 cero
928 992 1002 1060 ville
1023 993 1086 1058 ium
1104 992 1198 1071 dicte,
1221 991 1362 1075 prelotrus
1376 993 1521 1059 dominns
1534 990 1598 1056 dux
1612 987 1812 1054 ordinacione
1825 993 1937 1054 nostru
2032 1002 2035 1009 ·

388 1096 547 1169 mediante
568 1095 704 1164 contulit
724 1093 906 1178 supradicto
927 1093 1090 1177 capellano
1119 1094 1160 1159 de
1185 1093 1254 1158 Zun
1275 1093 1427 1176 quosdum
1453 1111 1546 1177 agros
1573 1091 1672 1176 ipsius
1698 1089 1828 1157 ecclesie
1852 1089 1939 1155 odiu·

389 1205 507 1280 eure,
527 1215 583 1265 sex
604 1196 709 1278 boses,
730 1195 811 1262 dnus
829 1211 951 1278 moces,
970 1213 1087 1276 equum
1107 1200 1244 1276 quatuor
1264 1212 1452 1277 mmmmm,
1472 1201 1506 1262 et
1518 1193 1703 1261 thobemum
1718 1191 1892 1257 Zunensem
1906 1190 1939 1256 in

388 1303 577 1387 perpetuum
598 1298 697 1364 libere
717 1294 947 1380 perimendum
992 1295 1041 1362 lle
1062 1295 1123 1362 boc
1144 1302 1272 1380 poctnm
1293 1315 1314 1364 o
1335 1296 1472 1380 quodm
1492 1296 1526 1362 in
1548 1301 1709 1380 posterum
1727 1291 1939 1376 perturbetur,

389 1399 534 1470 dedimus
554 1399 738 1468 memoretis
756 1394 909 1463 frutribus
931 1403 1110 1481 presentem
1131 1397 1278 1481 peginam
1292 1403 1401 1464 nostro
1420 1397 1524 1481 sigillo
1539 1402 1574 1465 et
1584 1395 1688 1480 sigillo
1702 1393 1842 1477 Capituli
1856 1393 1940 1460 Gne-

389 1500 513 1570 mensis
531 1519 603 1568 eum
624 1500 728 1586 sigillo
749 1496 866 1583 prefati
886 1496 1049 1565 reverendi
1071 1497 1211 1582 Capituli
1233 1498 1308 1585 (sic)
1336 1497 1562 1567 contirmutnm.
1606 1499 1725 1564 Datum
1749 1496 1783 1563 in
1811 1495 1942 1562 Guezns

390 1621 473 1675 enno
493 1603 600 1688 grume
620 1601 788 1669 millesimo
809 1598 874 1667 OG.
896 1600 1049 1685 (mmm)
1069 1601 1215 1685 Augusti.
1249 1600 1330 1668 (lum
1351 1600 1409 1668 boc
1429 1599 1542 1668 fierent
1563 1599 1733 1682 subscripti
1746 1603 1844 1665 testes
1865 1597 1943 1663 usti·

191 1748 194 1753 -
393 1709 518 1776 terunt:
540 1704 686 1772 dominus
712 1703 869 1772 lohannes
893 1702 1031 1771 decenus
1061 1702 1266 1785 (suanensis,
1292 1702 1496 1788 Bogupbslus
1522 1702 1770 1798 archidiaconns,
1795 1699 1941 1780 Tbomos,
2042 1718 2044 1720 ·

237 1871 240 1876 .
390 1805 519 1890 Penius,
541 1806 679 1889 Mutine
701 1808 876 1889 Artungns,
895 1804 1081 1887 Pribislsos‚
1102 1804 1252 1874 Nicotaus
1266 1804 1404 1873 decenus
1423 1805 1618 1872 Gneznensis
1634 1803 1721 1888 (sic),
1742 1808 1777 1870 ct
1796 1801 1854 1870 ulii
1874 1801 1945 1885 plu·

391 1926 443 1979 r·
465 1913 534 1978 tum
552 1908 694 1977 cononici
714 1925 812 1993 quum
833 1906 989 1992 espelluni
1009 1913 1120 1977 smcts
1136 1909 1249 1978 metris
1271 1907 1467 1976 Gneruensis
1487 1905 1627 1976 ecclesie

399 2110 625 2285 mmo,
657 2111 787 2181 esoce
841 2110 926 2195 zm,
959 2099 1033 2178 me.
1087 2111 1239 2196 moine,
1270 2116 1425 2180 rmum
1475 2109 1605 2193 nume.
1637 2111 1750 2176 meo.
1798 2106 1944 2207 verens,

1065 2514 1141 2602 Nr.
1173 2509 1272 2601 240.

496 2706 692 2793 Boleslsus
718 2709 797 2791 dux
821 2707 973 2791 Polonlo
1000 2714 1133 2793 1243
1160 2710 1249 2795 Jun.
1276 2713 1320 2809 8,
1344 2711 1388 2794 ln
1413 2708 1577 2813 dromo}
1598 2725 1720 2797 comere
1732 2726 1890 2796 mcum
1905 2725 1947 2791 sc
1993 2803 1998 2815 ¹

395 2846 522 2898 munseo
541 2829 577 2897 iu
597 2828 733 2911 Percide,
755 2828 824 2896 iure
844 2827 1038 2898 Tbeutonico
1059 2830 1218 2900 locandos.

498 2931 635 2998 Ρεωωὶ
663 2931 787 3013 sempe
811 2935 916 2997 Stootr
928 2936 1019 3000 Atell
1036 2937 1184 3000 memes
1212 2937 1378 3002 θπευιω.
1392 2953 1423 3000 o
1438 2935 1534 3011 1573,
1553 2937 1609 3013 tot
1624 2935 1674 2997 40.
1691 2967 1736 2983 -
1754 2934 1940 3009 Worrzono,

399 3037 528 3102 belh.
548 3033 670 3117 ellum
689 3038 734 3102 tr.
758 3038 801 3101 M.
823 3036 940 3119 ¹²⁹‚fi
962 3037 1037 3102 m.
1122 3122 1124 3126 Α

499 3238 539 3308 In
560 3239 687 3309 nomine
708 3239 835 3308 Domini
856 3259 959 3308 omem
1003 3241 1144 3310 Humnni
1164 3241 1288 3325 generis
1309 3239 1453 3308 ordeum
1475 3240 1628 3309 memorio
1640 3246 1795 3325 perpetuo
1808 3239 1951 3324 indigen·

268 3344 271 3349 '
397 3344 447 3409 tuo
465 3339 652 3427 plerumque
670 3342 712 3411 sb
732 3342 895 3410 hominum
916 3343 1036 3411 noticic
1056 3342 1250 3425 dilabuntur,
1278 3361 1342 3426 que
1361 3343 1590 3439 scriptmsrnm
1610 3360 1668 3410 seu
1694 3342 1823 3408 testium
1849 3342 1951 3408 muni·

325 3514 328 3518 A
396 3443 481 3512 mine
501 3461 566 3512 non
587 3449 787 3513 renoventur.
832 3443 900 3512 Nos
925 3445 1024 3529 igitur
1044 3446 1208 3514 Boleslcus
1229 3446 1289 3513 Ilei
1309 3447 1417 3530 procis
1446 3445 1511 3512 dux
1538 3444 1668 3513 Polonie
1690 3449 1799 3512 notum
1820 3443 1952 3512 bemus

397 3544 553 3624 uniuersis
574 3550 641 3614 tum
662 3545 862 3633 presentibus
884 3565 980 3630 quum
999 3545 1116 3615 futuris
1138 3565 1266 3631 precem
1287 3549 1442 3633 scriptum
1463 3548 1663 3633 inspecturis,
1685 3546 1770 3631 quod
1788 3545 1953 3615 intenden-

397 3649 447 3714 tes
467 3647 633 3717 commodo
654 3653 738 3716 terre
759 3655 868 3717 nosue
886 3667 944 3732 per
964 3649 1099 3734 emplius
1120 3650 1273 3732 ampliore
1294 3655 1328 3717 et
1348 3648 1390 3718 ed
1411 3651 1557 3718 meliores
1571 3649 1728 3717 utilitates
1743 3654 1867 3716 nosnos
1880 3667 1953 3734 per·

397 3748 515 3832 venire,
536 3747 578 3817 do
598 3755 709 3818 nostre
730 3749 860 3834 speciali
881 3752 989 3834 promo
1009 3769 1048 3818 uc
1074 3750 1194 3818 salubri
1222 3752 1352 3819 consilio
1378 3751 1532 3820 buronnm
1556 3757 1748 3833 nostrorum,
1774 3751 1808 3818 in
1832 3751 1953 3820 Powicz

397 3856 509 3919 nostru
529 3849 706 3919 hereditate
726 3851 900 3937 vulgariter
916 3859 1102 3937 nuncupato
1118 3852 1272 3920 Buldsino
1293 3852 1392 3939 probo
1413 3854 1481 3920 viro
1507 3852 1650 3921 dedimus
1681 3852 1835 3921 eonomre
1862 3853 1954 3936 quiu-

398 3953 552 4037 ommno
577 3971 633 4021 sex
655 3971 792 4036 mensos,
827 3955 917 4022 cuius
949 3955 1067 4022 locutio
1098 3955 1309 4024 Teutonicclis
1336 3973 1406 4023 esse
1432 3954 1536 4037 debet,
1568 3955 1682 4024 dentes
1710 3954 1744 4021 iu
1766 3961 1954 4040 perpetuum

398 4053 543 4123 omnibus
564 4054 681 4123 ibidem
702 4056 969 4124 commorantibus
987 4059 1094 4126 omnis
1115 4065 1149 4124 et
1170 4057 1295 4141 singulo
1315 4059 1387 4125 iuro
1406 4056 1624 4126 Teutonienlio
1649 4057 1682 4124 in
1708 4057 1842 4139 iudiciis,
1871 4058 1955 4124 solu·

399 4154 552 4240 mnibus,
575 4157 725 4239 collectis,
746 4158 976 4241 exaccionibus,
998 4178 1037 4227 uc
1058 4160 1130 4226 uliis
1150 4159 1388 4244 quibuscunque
1407 4159 1685 4227 consuetudinibus
1700 4177 1886 4244 quocunque
1899 4178 1955 4225 no·

399 4257 484 4326 mlno
505 4265 731 4344 nuncupentur
748 4260 901 4341 volitum
924 4267 958 4328 et
978 4261 1039 4329 hoc
1059 4261 1110 4328 ins
1130 4261 1354 4329 Tbeutonicule
1368 4260 1567 4347 presentibus
1582 4261 1728 4328 duximus
1742 4261 1955 4341 statuendum,

398 4357 546 4430 videlicet
567 4380 631 4447 quo
653 4363 736 4429 cives
758 4363 860 4429 nostri
881 4363 1084 4430 Gneznenses
1105 4368 1239 4429 utuntur
1259 4367 1294 4429 et
1312 4369 1476 4447 reguntm.
1520 4363 1659 4430 Rccione
1680 4363 1774 4429 huius
1788 4362 1956 4430 locucionis

399 4469 594 4530 momentus
615 4463 788 4531 Buldsinus
810 4483 882 4531 cum
903 4465 970 4531 suis
990 4464 1155 4547 legittimis
1176 4465 1409 4532 successoribus
1430 4465 1545 4533 ibidem
1566 4466 1600 4533 in
1614 4464 1735 4533 Powicz
1757 4463 1956 4534 edvococium

400 4558 626 4633 hereditoriam
647 4565 836 4650 possidebit3
859 4565 971 4634 dentes
992 4567 1053 4634 sibi
1073 4568 1203 4650 suisque
1220 4568 1451 4635 suecessoribus
1472 4569 1611 4653 qunque
1637 4585 1764 4634 mensos
1788 4566 1906 4633 liberos
1923 4569 1958 4632 et

399 4661 485 4733 iuter
504 4665 586 4734 ulios
608 4685 735 4735 mensos
756 4669 925 4751 septimum
946 4687 1101 4750 mensum,
1123 4676 1157 4736 et
1179 4669 1311 4736 tercium
1336 4669 1501 4738 denarium
1526 4670 1567 4737 de
1596 4669 1738 4754 qualibet
1764 4667 1957 4735 iudicccione

400 4767 654 4852 provectorum
677 4770 890 4838 molendinum
911 4769 1055 4853 liberum,
1077 4770 1233 4852 balneum,
1255 4771 1387 4839 mucello
1400 4773 1593 4856 carnificum,
1616 4773 1780 4857 pistorum,
1803 4777 1956 4853 sutorum,

400 4875 496 4954 proto
516 4870 603 4941 circe
624 4891 738 4957 noum
761 4872 940 4939 molendini.
977 4873 1086 4940 liciam
1101 4873 1161 4939 sibi
1175 4873 1287 4940 dumus
1305 4873 1385 4942 duos
1406 4876 1579 4960 piscatores
1600 4873 1717 4943 liberos
1737 4873 1864 4956 hebere,
1887 4865 1980 4939 cum

400 4973 508 5055 persis
527 4974 622 5043 reeiis
648 4975 813 5042 innostro
839 4975 910 5042 lecu
937 4977 1075 5061 undique
1102 4976 1271 5057 licentium,
1304 4983 1434 5044 etcum
1463 4996 1582 5061 sugens
1607 4976 1731 5044 muudi
1760 4977 1794 5043 in
1825 4975 1960 5043 circuitu

401 5076 561 5143 moneium
585 5077 757 5145 lucentium
787 5078 820 5144 in
847 5078 950 5145 medio
982 5079 1084 5147 nostri
1113 5079 1200 5146 luctu
1231 5097 1289 5162 pro
1316 5095 1375 5147 sun
1396 5081 1566 5164 piscoturu.
1610 5080 1692 5146 Item
1711 5078 1771 5146 sibi
1792 5077 1904 5145 dumus
1926 5078 1982 5169 in'

401 5183 513 5247 nostru
533 5177 630 5250 bom
657 5186 836 5250 structurus
868 5182 1095 5267 capreolorum,
1127 5180 1328 5251 senecionem
1354 5182 1507 5268 leporum,
1541 5187 1707 5268 capturum
1728 5181 1844 5263 ovium,
1872 5187 1960 5250 ortos
