4574 6240
651 271 731 344 208

647 465 906 536 benolictioncm.
940 469 1028 537 Inter
1049 473 1155 537 cetera
1175 467 1395 536 desiderabilia
1415 468 1518 536 cordis
1541 465 1652 549 nostri,
1676 465 2018 550 Gornnntinopolltani
2038 465 2195 544 liberatio·

648 587 720 638 nem
741 569 864 655 imperii
885 570 1101 655 principaliter
1119 568 1313 651 olfactantes,
1343 570 1384 636 ad
1410 589 1480 637 oam
1500 569 1587 653 vigili
1609 569 1741 635 solertia
1761 587 1824 635 non
1845 585 2004 636 meamus
2026 568 2194 664 intendere,

647 689 686 740 ac
706 676 744 739 ut
764 672 854 739 iuxta
875 673 976 740 nostri
995 672 1141 740 desiderii
1162 672 1389 756 plenitudinem
1413 672 1524 739 valeat
1538 677 1668 740 auctore
1687 671 1821 738 Domino
1850 671 2026 755 provenire,
2052 675 2197 750 continue

647 771 810 859 diligentie
828 773 968 841 studium
989 773 1183 840 adhibemus.
1216 773 1260 839 Et
1280 773 1354 841 licet
1373 773 1525 842 hoctenem
1546 772 1720 858 apostolica
1741 771 1839 840 Sedes
1860 791 1923 857 pro·
1939 773 2009 857 ipsa
2031 773 2195 859 multipiici
2216 808 2217 811 ¹

648 875 862 944 subventionis
885 876 1021 944 remedio
1043 874 1201 942 ferventer
1222 875 1384 959 imnum,
1406 895 1444 944 oc
1464 875 1520 942 diu
1542 875 1690 942 catholici
1707 894 1770 942 non
1784 875 1853 942 sine
1866 873 2027 942 laboribus
2040 877 2197 966 gravibus,
2221 891 2222 895 ’

647 979 787 1046 onerosis
808 976 985 1062 sumptibus
1007 977 1172 1061 anxiaque
1193 977 1358 1044 sudoribus
1380 983 1413 1044 et
1434 975 1577 1045 deflenda
1599 976 1761 1060 sangmnis
1783 976 1934 1045 effusione
1955 976 2118 1052 certarint.
2141 999 2197 1051 uec

634 1079 753 1150 adbuc
774 1079 917 1148 Ecclesia
944 1079 984 1147 de
1013 1086 1104 1147 tante
1133 1081 1351 1165 prosecutione
1377 1079 1598 1148 sollicitudinis
1620 1084 1732 1163 totque
1753 1078 1901 1146 oneribus
1924 1095 2133 1163 expensonvm
2154 1083 2197 1150 ef-

647 1179 764 1250 lectum
785 1181 829 1248 sit
849 1188 1018 1250 consecuta
1043 1189 1219 1267 speratum3
1253 1183 1328 1267 quia
1354 1189 1460 1249 tomen
1486 1182 1586 1266 ipsius
1615 1179 1757 1248 &closis
1782 1199 1898 1266 corpus
1921 1199 1962 1248 ex
1986 1179 2109 1247 menbri
2130 1187 2196 1252 tam

647 1282 723 1366 cari,
744 1281 891 1351 videlicet
910 1283 1033 1368 imperii
1055 1283 1171 1369 prefati
1190 1283 1333 1351 carentia
1352 1289 1462 1351 notam
1488 1282 1640 1367 probrose
1660 1280 1872 1349 deformitatis
1895 1283 2073 1350 incurreret
2092 1288 2126 1348 et
2146 1301 2198 1352 su·

647 1383 779 1453 edneret
799 1384 974 1452 debilitatis
994 1384 1131 1452 dolende
1148 1385 1314 1467 beturem,
1342 1383 1434 1450 firma
1453 1383 1629 1451 mentione
1650 1384 1855 1467 proponimus
1876 1383 1979 1451 eidem
1999 1383 2132 1467 imperio
2153 1385 2197 1453 ef-

647 1483 736 1554 ficaci
755 1485 894 1554 subsidio
909 1485 1083 1568 subvenire,
1104 1504 1152 1570 ac,
1174 1491 1212 1553 ut
1232 1503 1269 1553 eo
1289 1485 1421 1553 eelerius
1436 1489 1555 1569 optata
1574 1484 1674 1569 ipsios
1693 1484 1818 1568 imperii
1832 1485 1978 1552 liberatio
1992 1484 2061 1552 Deo
2074 1483 2198 1556 favento

647 1589 812 1677 proveniat
832 1606 896 1673 qno
917 1587 977 1655 sibi
999 1588 1109 1656 auxili
1131 1593 1277 1674 porrecte
1297 1587 1393 1654 fuerit
1413 1587 1564 1672 plenioris
1585 1586 1755 1654 dexterae
1777 1584 2065 1669 christifidelibus,
2083 1585 2197 1655 aderi-

647 1690 796 1779 piendum
812 1690 898 1777 illud
914 1690 955 1758 de
974 1689 1225 1758 adversariorum
1251 1688 1388 1756 dominio
1418 1687 1601 1772 sufmgium
1628 1686 1801 1772 postulare
1845 1687 1930 1757 Hinc
1957 1694 2009 1756 ose
2034 1687 2120 1772 quod
2141 1708 2199 1759 nos

647 1792 828 1862 deuotioni
851 1797 955 1860 vestre
983 1810 1041 1877 per
1065 1790 1239 1875 apostoliea
1267 1790 1386 1875 scripte
1411 1789 1445 1857 in
1470 1790 1589 1857 vinnte
1620 1779 1799 1857 obedientie
1826 1790 1972 1859 daniaco
1996 1792 2198 1877 precipiendo

646 1895 845 1978 memus,
870 1894 1021 1980 quatinus
1046 1893 1210 1961 univeros
1232 1891 1438 1961 christicolas
1459 1909 1518 1977 per
1536 1891 1700 1960 Polouiam
1726 1898 1760 1960 et
1788 1891 1852 1959 alia
1869 1892 1941 1960 loca
1960 1911 2019 1978 per
2040 1911 2103 1979 que
2124 1897 2198 1963 tuus

647 1995 693 2066 tili
713 1996 801 2083 prior
820 1997 980 2083 prioratus
999 2001 1032 2064 et
1053 2001 1111 2063 tua
1130 1993 1176 2062 fill
1197 1995 1341 2063 minister
1362 1994 1594 2063 administratio
1611 1993 1827 2062 extenduntur
1841 1995 2041 2079 constitutos,
2060 1999 2127 2064 tam
2140 2015 2199 2082 per

646 2117 818 2185 nosquam
840 2117 898 2184 per
917 2098 997 2166 alios
1022 2104 1198 2167 vestrorum
1225 2095 1378 2165 ordinum
1401 2095 1517 2165 naues
1540 2095 1686 2182 providos
1714 2101 1748 2164 et
1775 2096 1941 2179 bonam,
1966 2115 2046 2182 quos
2066 2097 2108 2165 nd
2138 2098 2199 2168 boc

645 2201 785 2288 ydoneos
805 2219 875 2269 esse
896 2201 1055 2283 noveritis,
1077 2200 1211 2269 atnntis
1232 2204 1266 2267 et
1283 2199 1400 2266 sedulis
1422 2199 1696 2268 exhortationibus
1723 2198 1814 2266 iuxta
1838 2199 1948 2267 datam
1974 2199 2064 2268 vobis
2091 2198 2198 2268 aDao

630 2294 847 2391 'prudentiam
872 2302 1041 2385 inducatis,
1066 2308 1105 2369 ut
1126 2300 1257 2389 provide
1280 2300 1497 2384 attendentes,
1529 2302 1614 2388 qnod
1639 2320 1698 2388 per
1722 2302 1847 2388 imperii
1872 2301 1988 2389 prefati
2014 2322 2199 2373 mccursum

647 2404 800 2474 otbolioe
824 2403 898 2473 fidei
923 2409 957 2473 et
990 2403 1201 2473 ecdesiestica
1230 2402 1389 2472 libertatis
1418 2408 1621 2488 augmentum
1650 2421 1772 2472 necnon
1799 2403 1896 2472 Terra
1922 2409 2032 2472 sancte
2053 2403 2198 2476 uberatio

647 2506 825 2592 speciabtu
846 2512 1065 2593 procurantur,
1086 2505 1128 2574 ad
1148 2504 1394 2574 subveniendum
1412 2505 1514 2574 eidem
1533 2506 1714 2591 imperiola
1728 2507 1871 2591 personis
1885 2506 1935 2575 vel
1950 2505 2056 2590 rebus,
2074 2505 2198 2576 ferren-

647 2607 732 2677 tibns
751 2608 865 2676 animis
885 2607 1020 2677 viriliter
1040 2612 1075 2676 et
1094 2604 1282 2676 festinanter
1301 2612 1467 2692 exurgam
1509 2606 1578 2676 Nos
1598 2608 1683 2676 enim
1706 2609 1746 2676 de
1773 2608 1999 2695 omnipotentis
2023 2608 2085 2676 Dei
2105 2607 2198 2678 mise·

646 2707 783 2778 ricerdis
800 2716 835 2778 et
860 2709 1023 2778 beatorum
1049 2709 1264 2795 apostolorum
1290 2709 1378 2777 Petri
1405 2715 1440 2778 et
1461 2708 1552 2778 Pauli
1582 2710 1774 2779 auctoritate
1800 2710 1920 2794 contisi,
1950 2728 1990 2779 ex
2015 2710 2074 2779 illa
2102 2729 2198 2795 qoam

647 2809 738 2880 uobis
758 2811 834 2879 licet
860 2811 998 2897 indignis
1023 2811 1111 2880 Deus
1136 2809 1254 2897 ligandi
1276 2815 1373 2898 atque
1398 2811 1540 2881 solvendi
1566 2813 1701 2882 contulit
1729 2818 1897 2898 potestate,
1924 2812 2070 2880 omnibus
2096 2812 2198 2882 eidem

646 2913 779 3000 imperio
800 2914 1054 2982 succurrentibus
1080 2913 1168 2982 illam
1194 2932 1322 2982 suorum
1348 2915 1566 3000 peccaminum
1584 2915 1714 2983 reniam
1741 2913 1939 3000 indulgemus
1970 2916 2119 3000 ipsosque
2141 2914 2197 2983 illo

646 3016 811 3102 privilegio
831 3034 933 3100 eaque
949 3011 1092 3085 volumus
1114 3016 1314 3085 immunitus
1334 3015 1481 3102 modae,
1501 3035 1564 3102 que
1585 3017 1729 3102 predicte
1745 3017 1843 3086 Terre
1854 3015 2111 3108 subvenientibus
2124 3033 2198 3106 oon·

646 3118 810 3187 ceduntur.
832 3117 906 3187 lion
927 3118 1075 3188 obstante
1096 3118 1186 3188 Sedis
1207 3117 1380 3206 apostolice
1400 3119 1674 3205 indulgentiaque
1686 3119 1839 3189 nauibus
1853 3124 2030 3189 vestrorum
2043 3119 2198 3188 Οιιίἰιιιιιιι

646 3219 764 3289 dieitur
783 3239 853 3289 osse
872 3239 1069 3305 connumera,
1099 3240 1140 3288 ne
1164 3221 1205 3288 de
1231 3221 1334 3289 causis
1355 3239 1417 3306 que
1437 3240 1495 3306 por
1514 3221 1640 3290 litteras
1664 3223 1855 3309 apostoliens
1875 3224 2118 3291 committuntur
2137 3222 2198 3290 eis·

646 3322 728 3408 dem,
749 3342 937 3410 cognoscere
959 3331 1136 3408 teneantur,
1159 3325 1222 3392 nisi
1243 3325 1282 3392 de
1300 3323 1496 3409 indulgentia
1515 3324 1695 3392 huiusmodi
1721 3343 1902 3409 expressam
1926 3323 2045 3392 miani
2064 3325 2198 3393 mentio·

646 3444 728 3494 nem.
754 3426 844 3508 Quod
865 3427 894 3494 si
913 3446 977 3494 non
997 3426 1090 3495 ambo
1111 3426 1173 3494 biis
1194 3425 1383 3512 exequendis
1403 3425 1571 3510 potueritis
1591 3426 1755 3510 interesse,
1777 3427 1861 3496 alter
1880 3431 2022 3496 vestrum
2038 3444 2080 3496 ea
2098 3425 2197 3496 meni·

520 3529 521 3532 ’
646 3526 783 3598 lomim
799 3534 983 3616 moueatur.
1015 3529 1136 3600 Datum
1156 3528 1303 3636 Lugduni
1325 3527 1390 3597 1111
1411 3527 1571 3639 mendas
1593 3526 1750 3613 Octobris,
1769 3527 1972 3616 pontificatus
1992 3527 2096 3598 nostri
2113 3546 2197 3597 anno

648 3630 756 3744 tucio.

1127 3917 1132 3927 ,
1257 3905 1262 3915 .
1297 3823 1387 3945 Nc.
1428 3817 1530 3914 247.

749 4017 991 4102 mneemtlus
1016 4018 1081 4124 Pp.
1105 4019 1162 4104 Π
1188 4025 1320 4104 1245
1346 4019 1442 4125 Sept
1468 4024 1555 4120 80,
1581 4021 1773 4125 lugdune
1801 4038 1933 4107 amau
1964 4039 2064 4126 pnon
2091 4039 2196 4108 erra.

646 4137 904 4208 Praedicatorum
933 4144 966 4208 et
998 4140 1144 4208 ministro
1172 4141 1277 4210 Frate.
1304 4142 1463 4209 Minorum
1489 4141 1523 4209 in
1549 4140 1689 4224 Polonia,
1715 4147 1753 4210 ut
1778 4142 1863 4210 boun
1890 4141 2110 4210 decelentium
2139 4161 2198 4226 pro

647 4241 735 4312 nullo
755 4242 857 4310 altero
879 4261 939 4310 usa
958 4247 1086 4325 testata,
1105 4243 1147 4310 ed
1167 4235 1384 4312 liberationem
1405 4243 1529 4328 imperii
1549 4241 1890 4331 constantinopolitani
1912 4244 2054 4312 converti
2074 4248 2197 4312 cment

628 4419 633 4428 ,
751 4349 891 4431 Papam
912 4350 1027 4426 orgeta
1062 4349 1201 4410 Smurclc
1221 4345 1365 4428 koeropng
1384 4367 1485 4428 army,
1507 4349 1578 4411 bned
1597 4351 1648 4412 nie
1665 4365 1759 4413 most.

742 4447 892 4515 [ratde.
928 4451 1045 4514 hebd.
1067 4452 1171 4515 Frotr.
1195 4452 1453 4516 Praedicatorwn

594 4741 598 4749 .
750 4651 953 4720 mnocentins
974 4653 1140 4738 episcopus
1160 4669 1269 4721 servus
1289 4672 1450 4722 serromm
1470 4651 1541 4734 nei,
1563 4650 1687 4720 ddectis
1708 4652 1807 4721 liliis.
1824 4652 2198 4738 ‚prioriPredioatorum

648 4759 683 4824 et
703 4804 712 4822 .
732 4804 741 4822 .
764 4755 909 4822 ministro
929 4755 1087 4822 itinerum
1107 4754 1242 4825 fratrum
1263 4758 1296 4825 in
1318 4757 1463 4837 Polonio,
1490 4755 1625 4822 salutem
1651 4760 1685 4823 et
1711 4755 1916 4840 apostolicum
1937 4756 2197 4826 benedictionem.

648 4854 721 4924 Etsi
742 4876 782 4924 ex
803 4864 947 4941 suscepte
968 4858 1130 4925 servitutis
1151 4858 1253 4926 officio
1273 4865 1456 4928 cunctorum
1476 4857 1567 4924 nobis
1581 4877 1657 4925 eura
1672 4859 1803 4924 imineot
1816 4848 1983 4942 genualia,
1997 4859 2199 4927 desuoenrau

649 4961 756 5025 umen
776 4958 900 5043 imperii
922 4957 1263 5044 comtentinopolitani
1286 4967 1374 5028 muto
1397 4960 1581 5046 propensius
1604 4959 1744 5044 eogitme
1765 4979 1823 5027 nos
1837 4962 1994 5044 convenit,
2016 4967 2137 5044 quanto
2158 4980 2197 5028 ea

648 5057 709 5128 boc
729 5066 933 5144 augmentum
955 5060 1105 5128 ortodoxe
1127 5061 1215 5143 fidei,
1244 5082 1390 5145 magnum
1411 5062 1507 5129 Terre
1536 5068 1645 5128 sancte
1664 5061 1851 5144 subsidium,
1878 5062 1964 5130 salus
1986 5063 2085 5130 tobim
2108 5061 2199 5128 Cleri·

649 5163 745 5230 etiem
765 5162 872 5248 popuii
893 5169 1110 5250 procurantur.
1131 5164 1182 5231 nd
1203 5166 1302 5250 ipsius
1320 5167 1427 5250 itaque
1447 5165 1571 5250 imperii
1592 5163 1811 5232 liberationem
1833 5165 1910 5233 tetis
1931 5164 2095 5234 desideriis
2116 5164 2199 5250 aspi·
