4574 6240
1875 313 1976 440 ¹oo

431 566 513 671 quod
530 564 563 639 ln
584 584 679 637 causa
699 558 788 634 robis
808 560 953 649 delegata
974 580 1070 650 super
1087 557 1217 634 ocaoblo
1237 564 1341 633 macti
1362 564 1526 633 vincenci
1547 564 1580 633 ln
1602 563 1799 632 Vratinlauia
1817 565 1901 634 inter
1915 563 1978 633 bu·

431 694 494 756 πω
514 667 815 744 Promonstroteasis
844 665 970 735 Ordinis
999 667 1054 753 qui
1082 686 1166 735 nunc
1191 675 1267 735 sunt
1287 667 1404 736 ibidem
1423 676 1457 736 et
1478 668 1647 736 monachos
1669 667 1752 752 nigri
1771 668 1899 736 Ordinis
1922 668 1977 755 qui

432 787 495 858 illic
510 778 640 848 fuerant
656 779 691 840 et
714 769 855 839 fautores
878 770 1072 852 eorumdem,
1098 770 1247 838 videlicet
1272 770 1404 839 abbates
1430 771 1570 840 eiusdem
1599 771 1728 839 Ordinis
1751 771 1892 839 zelantes
1920 791 1979 857 pro

432 885 556 962 ordine,
573 874 666 945 ambe
685 878 793 959 portes
813 872 1088 958 volantatessuas
1109 874 1142 941 in
1164 880 1274 942 nostro
1292 875 1457 960 posuerint
1476 875 1617 945 arbitrio.
1651 875 1718 942 Nos
1739 892 1815 942 vero
1832 874 1977 959 diligenti

431 987 536 1062 habito
557 981 698 1048 aaran
719 974 846 1044 medem
865 975 991 1043 eosln
1011 976 1182 1044 monacboa
1200 995 1271 1044 cnm
1291 977 1424 1063 prefatis
1443 977 1611 1046 abbatibus
1636 975 1677 1044 ad
1702 977 1761 1045 boc
1782 976 1978 1061 deduximus,

431 1098 468 1165 at
485 1089 526 1157 de
545 1080 721 1166 iurequod
741 1077 890 1148 dicebant
909 1095 944 1146 se
962 1077 1078 1147 habero
1098 1079 1133 1145 in
1154 1078 1296 1163 predicto
1318 1081 1519 1162 monasterio,
1541 1079 1674 1164 benigne
1694 1079 1845 1148 cederent
1866 1078 1978 1148 Ordini

431 1183 713 1268 premonstratensi
732 1187 767 1250 et
786 1180 937 1249 matribus
965 1181 1020 1266 qui
1046 1200 1130 1250 nanc
1158 1187 1234 1249 sunt
1259 1181 1387 1265 ibidem,
1413 1191 1448 1251 ot
1474 1187 1579 1250 ratem
1606 1181 1761 1250 haberent
1784 1183 1978 1251 omocionem

431 1290 607 1371 „eamdem
628 1285 862 1366 monachorum,
882 1283 999 1353 facum
1020 1283 1079 1352 sub
1101 1283 1241 1352 Sirozlao
1264 1284 1410 1369 episcopo
1439 1285 1481 1351 ad
1501 1286 1689 1353 instanciam
1714 1285 1802 1353 Petri
1824 1285 1979 1370 archiepi-

431 1396 514 1482 scopi
533 1390 661 1479 patroni
680 1386 915 1474 supersedentis
941 1387 992 1455 liti
1017 1394 1053 1456 et
1076 1386 1344 1473 appellationibus
1364 1405 1444 1471 quas
1465 1385 1618 1456 iecerunt
1654 1386 1799 1456 Preietos
1820 1406 1894 1455 vero
1915 1386 1979 1454 ba·

432 1510 496 1570 tres
514 1489 817 1564 Premonstrotensis
837 1488 964 1557 Ordims
984 1489 1026 1556 ad
1053 1488 1113 1558 boc
1141 1491 1319 1559 consentire
1346 1488 1487 1574 lecimus,
1513 1497 1551 1558 ut
1571 1491 1745 1576 gratuitam
1770 1491 1910 1575 graciam
1931 1490 1978 1559 la·

378 1602 382 1609 '
432 1604 536 1674 aerem
555 1593 705 1681 predictis
725 1591 885 1660 monacbis
910 1597 945 1658 at
969 1590 1081 1660 Ordini
1114 1594 1286 1678 nigrorum,
1319 1591 1468 1661 codem
1501 1592 1543 1660 ad
1573 1594 1724 1663 honorem
1750 1599 1784 1662 et
1806 1594 1979 1664 utilitatem

431 1708 567 1793 ipsorum
587 1704 622 1765 et
642 1696 745 1764 tocius
765 1694 848 1780 nigri
869 1692 996 1762 Ordinis
1013 1694 1054 1763 de
1080 1694 1150 1764 loco
1177 1696 1281 1764 sancti
1304 1694 1473 1764 haerendi
1501 1715 1573 1765 cum
1600 1698 1667 1764 suis
1695 1698 1891 1783 appendiciis
1919 1717 1981 1781 que

431 1822 512 1880 neoc
535 1805 612 1871 sunt
639 1805 674 1867 et
699 1797 821 1867 decima
847 1797 922 1864 ville
946 1815 1009 1882 qua
1041 1796 1158 1865 dieitur
1184 1797 1412 1880 Domabororo,
1438 1798 1646 1895 adiungentes
1673 1799 1896 1868 nichilominus
1917 1799 1981 1868 llll

431 1924 550 1982 marma
569 1902 693 1989 argenti
715 1901 775 1969 boc
795 1919 879 1968 anuo
899 1905 1024 1968 tantum
1036 1901 1078 1968 ad
1099 1902 1341 1970 instructionem
1360 1900 1501 1970 simmam
1522 1901 1644 1984 domus,
1664 1920 1728 1987 que
1742 1907 1873 1987 proptor
1886 1920 1980 1987 guer-

431 2027 498 2082 ram
523 2010 557 2076 et
581 2002 734 2089 qumdam
760 2002 955 2070 mutacionas
980 2003 1180 2088 aliqmtenns
1213 2003 1357 2071 desolata
1387 2003 1563 2072 ridebatur.
1607 2002 1653 2071 Et
1680 2004 1757 2072 licet
1781 2004 1840 2072 boc
1869 2009 1980 2072 nostra

432 2105 586 2184 oedmseio
604 2104 790 2173 iuramentis
811 2104 952 2189 meum
973 2104 1017 2172 sit
1043 2105 1206 2188 roborata,
1228 2104 1271 2172 ad
1299 2123 1354 2174 sos
1381 2110 1488 2174 tamen
1506 2105 1608 2191 ipsam
1629 2106 1765 2191 dirigere
1791 2107 1978 2189 sumsimus,
2042 2155 2045 2159 -

432 2220 469 2284 ot
487 2207 677 2280 maranata
697 2205 787 2275 vobis
805 2206 971 2275 commissa
991 2208 1127 2293 amplius
1148 2207 1324 2275 roboretur.
1357 2207 1475 2276 Actum
1496 2213 1547 2276 ast
1565 2208 1625 2276 boc
1639 2209 1674 2275 in
1688 2209 1853 2294 presencia
1874 2208 1980 2277 lvonis

432 2311 567 2402 episcopi
589 2309 815 2392 cracoviensis,
837 2308 980 2394 lingonis
994 2309 1119 2378 abbatis
1140 2308 1181 2378 de
1201 2308 1338 2392 Venena,
1364 2309 1530 2395 Bartholfi,
1552 2309 1666 2379 Brictii
1687 2311 1923 2395 monachornm,
1946 2312 1980 2379 in

432 2419 482 2487 dis
500 2414 588 2485 beati
608 2411 695 2482 Luce
715 2412 750 2479 ln
770 2410 882 2496 Vlallc,
903 2429 986 2482 anno
1007 2411 1127 2481 domini
1147 2411 1316 2481 millesimo
1335 2411 1550 2482 onoentasno
1569 2431 1654 2482 nono
1674 2411 1805 2482 decimo.

531 2617 759 2705 Glagoviensis,
773 2621 812 2684 dc
830 2620 961 2700 ὄθομαι.
994 2616 1151 2694 Αιιᾱιυοι,
1176 2578 1356 2706 rporzrjon.
1389 2615 1502 2701 vatic,
1534 2618 1666 2685 Willlcu.
1701 2618 1814 2701 Bresk,
1835 2622 1978 2689 Brzeclro.

433 2723 533 2794 Ιιοοιιι
560 2740 587 2791 s.
609 2719 787 2804 mancii,
810 2721 972 2787 Kotciaboo
991 2721 1063 2786 aret
1087 2741 1121 2802 p.
1149 2740 1186 2785 nr.
1215 2722 1327 2787 Keller.
1358 2718 1592 2804 nomoorovo,
1617 2721 1810 2788 Bersaboro'rc.
1843 2721 1980 2806 Venooa,

439 2829 593 2915 ινᾳιοσι.

1099 3017 1174 3106 Nr.
1207 3012 1306 3105 107.

532 3192 723 3301 aaran·
743 3184 808 3319 ιιι.
839 3212 905 3297 111
938 3217 1077 3298 1220
1103 3212 1212 3298 uara
1242 3220 1335 3317 20,
1359 3213 1540 3329 aaaron,
1569 3233 1702 3304 ruas
1730 3233 1853 3305 anas
1877 3236 1982 3308 aaa·

330 3377 332 3379 >
433 3337 521 3407 asad
540 3335 787 3406 declarationem
806 3334 876 3403 eius
896 3335 1105 3419 legitimitatis
1127 3333 1302 3404 coufirmat

537 3441 674 3523 meaa,
699 3440 893 3504 mamaea
914 3440 1014 3503 osor.
1035 3441 1178 3506 monae
1197 3442 1227 3521 r,
1246 3440 1297 3506 ιι.

532 3643 693 3714 Honorius
713 3642 878 3728 episcopus
899 3649 996 3726 (arcp,
1016 3642 1133 3713 dilecto
1155 3641 1220 3712 filio
1241 3642 1374 3711 lldconi
1395 3641 1518 3712 cantori
1532 3641 1712 3712 Oncanensi
1726 3625 1873 3714 salotem‘
1885 3652 1981 3726 (etc).

435 3745 513 3816 cun
532 3747 610 3816 olim
630 3746 865 3831 illegitimitatis
885 3750 963 3814 nota
981 3746 1039 3815 tibi
1058 3765 1163 3815 coram
1181 3746 1273 3815 nobis
1293 3743 1407 3814 fuisset
1424 3745 1460 3813 in
1481 3746 1608 3814 modum
1634 3747 1828 3832 exceptionis
1847 3748 1981 3832 obiecta,

434 3848 507 3919 licet
536 3851 728 3921 oblectarem
763 3850 937 3936 penituisse
964 3851 1126 3919 videretur
1156 3849 1272 3919 obiecti
1302 3855 1337 3918 et
1362 3847 1449 3917 (licto
1475 3849 1545 3917 eius
1574 3849 1788 3936 refragaretur
1810 3851 1983 3922 multomm

435 3955 564 4023 mscrtio
585 3953 699 4041 qnibrus
717 3951 795 4021 lidos
816 3952 992 4021 adhibenda
1012 3953 1126 4022 merito
1152 3953 1336 4022 ridebatur:
1363 3957 1402 4018 tu
1430 3956 1536 4020 mmen
1562 3951 1672 4022 nolens
1692 3954 1727 4022 ln
1749 3960 1782 4022 te
1804 3954 1984 4024 huiusmodi

435 4056 586 4125 medam
603 4073 765 4125 remanere
785 4057 970 4141 supplicasti
989 4056 1080 4124 nobis
1098 4057 1260 4125 humiliter
1278 4062 1312 4124 et
1333 4056 1500 4138 instanter,
1521 4061 1560 4122 ut
1576 4074 1673 4141 saper
1693 4056 1753 4126 boc
1770 4057 1887 4144 inquiri
1901 4058 1985 4128 iaco·

435 4175 537 4228 remus
558 4159 740 4246 diligentias
759 4160 928 4228 vennam
949 4168 984 4228 et
1000 4179 1058 4246 par
1075 4160 1319 4229 declarationem
1340 4157 1551 4243 legitimitatis
1579 4164 1635 4226 tue
1655 4164 1856 4243 prenotatam
1878 4180 1985 4230 maca-

334 4288 338 4296 ·
438 4257 498 4329 lam
519 4262 649 4331 aboleri
694 4261 788 4331 Unde
809 4280 867 4330 nos
888 4263 1011 4330 dilectis
1031 4261 1105 4331 filiis
1129 4313 1163 4330 ..
1185 4261 1293 4333 abbati
1315 4266 1349 4328 et
1371 4259 1519 4345 ..priori
1540 4259 1648 4329 Tiacio
1661 4279 1700 4328 ac
1715 4311 1723 4328 .
1740 4312 1749 4330 .
1764 4262 1985 4335 archidiacono

436 4358 631 4433 Oracosiensi
652 4364 770 4433 nostris
790 4364 934 4432 dedimus
955 4365 1072 4432 litteris
1093 4366 1127 4432 in
1155 4365 1323 4447 mandatis
1352 4369 1390 4432 ut
1416 4364 1593 4449 reciperent
1621 4368 1722 4432 testes
1751 4365 1881 4434 idoneos
1902 4386 1982 4451 quos

435 4479 528 4550 saper
547 4473 606 4536 tua
623 4466 825 4553 legitimitate
846 4466 976 4536 duceres
997 4467 1224 4552 producendos,
1247 4474 1281 4535 et
1301 4467 1329 4534 si
1350 4470 1513 4535 constaret
1533 4465 1652 4535 eisd-
1674 4466 1760 4552 quod
1781 4467 1821 4535 de
1842 4469 1984 4553 legitimo

436 4567 631 4640 meinana
652 4575 748 4638 natus
769 4587 873 4655 essm,
901 4575 936 4639 ta
961 4569 1136 4655 legitimum
1161 4568 1353 4638 auctoritate
1372 4568 1549 4655 apostolica
1572 4568 1788 4638 declararent:
1815 4571 1986 4655 quidinde

435 4663 581 4758 hmani,
599 4673 690 4743 nobis
710 4671 847 4741 fideliter
883 4673 1076 4758 rescripturi.
1120 4671 1225 4753 Quare
1246 4690 1304 4757 per
1325 4688 1400 4739 snas
1420 4670 1512 4739 nobis
1532 4670 1658 4741 litteras
1683 4672 1881 4757 intimarunt,
1902 4673 1988 4760 quod

436 4781 622 4858 metuentes
641 4774 828 4845 mandatum
847 4774 1055 4859 apostolicum
1082 4774 1252 4860 diligenter
1277 4779 1376 4843 testas
1401 4791 1497 4859 super
1524 4774 1611 4843 dicto
1628 4774 1766 4845 ordonio
1787 4782 1984 4862 receperunt,

436 4877 469 4939 et
486 4880 609 4948 attente
628 4879 688 4948 sub
713 4879 894 4947 testimonio
919 4878 1059 4963 capituli
1086 4877 1302 4946 cracoviensis
1335 4873 1487 4961 inspectis
1513 4876 1770 4962 'depositionibus
1805 4878 1985 4962 eorundem,

437 4970 620 5065 uvenrupt
637 4987 670 5050 te
690 4980 731 5050 de
750 4981 893 5066 legitimo
914 4981 1125 5064 matrimonio,
1147 4987 1317 5065 antequam
1338 4985 1431 5065 pater
1451 4985 1525 5047 nius
1543 4980 1667 5067 aliquos
1688 4982 1882 5066 suscepisset
1902 4981 1986 5066 ordi-

308 5150 311 5158 ,
438 5090 501 5161 nes,
522 5097 591 5152 esse
611 5090 738 5167 natum3
760 5102 858 5168 quare
880 5089 912 5152 te
928 5084 1154 5151 enataverunt
1172 5083 1357 5167 legitimum,
1379 5087 1476 5168 prout
1499 5081 1561 5149 sibi
1579 5101 1601 5150 a
1619 5082 1711 5151 nobis
1732 5082 1838 5151 luerat
1858 5083 1987 5151 deman·

437 5175 553 5253 dotum
597 5187 645 5256 Ne
666 5188 764 5274 igitur
782 5188 899 5256 veritos
927 5187 1024 5255 semel
1052 5205 1148 5272 super
1173 5187 1220 5254 tui
1245 5186 1407 5255 declarata
1433 5184 1592 5254 natalibus
1619 5184 1754 5253 aienius
1780 5184 1988 5256 dubitationis

437 5287 757 5371 sempiternitatis
778 5297 939 5376 posterum
960 5289 1118 5374 offuscari,
1140 5290 1225 5375 quod
1242 5308 1339 5375 super
1359 5288 1421 5358 boc
1441 5289 1559 5357 lactum
1579 5288 1690 5357 estitit
1709 5288 1753 5357 ob
1765 5287 1893 5373 eisdem,
1915 5309 1987 5376 pre·

1784 5405 1834 5464 tlt·
