4574 6240
1512 1028 1584 1113 Nr.
1617 1024 1687 1113 59.

931 1224 1172 1310 Innocentius
1198 1225 1260 1330 Pp.
1285 1224 1351 1309 111
1377 1229 1514 1309 1207
1539 1226 1623 1311 Jan.
1651 1232 1730 1326 10,
1756 1225 1868 1308 lione
1886 1226 1986 1329 apud
2002 1246 2031 1306 a
2049 1223 2216 1326 Petrum,

828 1347 982 1467 episeopis
1002 1345 1150 1415 ecclesiae
1163 1345 1339 1429 Polonicae,
1361 1349 1550 1416 sententiam
1572 1356 1682 1418 eontra
1702 1349 1882 1432 episcopum
1896 1345 2141 1414 Poannnienscm
2156 1345 2254 1414 latam
2275 1375 2280 1403 .

827 1467 895 1518 Μ
915 1448 1105 1636 ww
1124 1561 1155 1621 et
1175 1557 1217 1619 du
1243 1557 1331 1621 l'leeil.
1354 1557 1536 1639 Iliprloraula,
1558 1559 1683 1622 ecanae
1703 1565 1759 1622 etc.
1782 1557 1832 1632 11,
1849 1575 1884 1636 p.
1907 1555 2004 1621 1034.

932 1757 1094 1828 Universis
1115 1760 1268 1845 episcopis
1287 1760 1320 1827 in
1341 1760 1472 1828 Polonia
1494 1762 1682 1830 constitutis
1705 1759 1755 1828 Ad
1778 1758 1991 1829 confusionem
2013 1808 2043 1825 ..
2065 1757 2282 1826 Poscaniens‘

827 1861 915 1948 scopi
935 1880 999 1930 non
1019 1868 1126 1949 potest
1146 1863 1180 1930 in
1198 1863 1379 1930 memoriam
1400 1883 1463 1931 non
1484 1864 1596 1946 recline,
1619 1864 1704 1948 quod
1723 1881 1807 1931 unns
1824 1880 1864 1930 ex
1876 1861 2040 1929 duodecim
2055 1860 2247 1929 christumt
2270 1891 2274 1922 ι

827 1971 862 2034 et
882 1963 916 2033 ln
936 1966 1066 2051 Angelis
1084 1967 1150 2033 suis
1178 1965 1297 2050 reperit
1317 1965 1499 2034 ditissimus
1520 1967 1719 2052 pravitatem.
1758 1965 1838 2033 Cum
1865 1966 1948 2034 enim
1976 1965 2026 2031 vir
2052 1964 2166 2032 eximie
2193 1982 2269 2032 sano

828 2066 1015 2136 uenerabilis
1031 2067 1131 2136 nater
1148 2075 1256 2136 noster
1277 2066 1469 2136 Gnesnensis
1490 2070 1743 2155 archiepiscopus
1774 2074 1885 2137 conus
1905 2066 1988 2135 filios
2008 2065 2102 2133 huius
2124 2067 2221 2134 secudi
2247 2085 2269 2152 p

827 2172 921 2242 cleeie
941 2191 976 2242 se
996 2173 1153 2243 curaverit
1173 2192 1331 2258 opponere
1351 2173 1517 2256 libertate,
1555 2174 1750 2242 nominatum
1772 2173 1971 2259 episcopum,
2012 2190 2105 2255 quem
2132 2171 2271 2255 sperarit

827 2274 909 2344 lilios
929 2275 1009 2345 lueis
1028 2276 1090 2344 sibi
1110 2274 1245 2344 fideliter
1265 2276 1434 2360 adherere,
1470 2275 1590 2344 Christi
1616 2277 1735 2362 reperit
1756 2278 1790 2344 in
1806 2276 1905 2360 ipsius
1927 2274 2069 2343 Ecclesia
2090 2274 2282 2359 proditorem

827 2397 921 2465 quem
941 2379 1066 2447 danum
1087 2397 1159 2448 cnm
1179 2379 1357 2447 antedictus
1378 2380 1644 2464 archiepiscopus,
1681 2379 1877 2464 exigentibus
1901 2378 2002 2462 culpis
2023 2377 2105 2459 suis,
2142 2377 2279 2444 mbona·

826 2481 995 2567 protulerit
1012 2483 1202 2551 sententiam
1222 2481 1391 2563 interdicti,
1411 2501 1449 2550 ec
1470 2483 1535 2565 ille,
1558 2482 1657 2567 ipsius
1675 2483 1834 2551 sententia
1853 2481 2008 2566 vilipensa
2028 2499 2133 2548 coram
2147 2479 2281 2548 Ecclesi

826 2591 970 2653 secutore
990 2585 1156 2670 precipuo,
1191 2584 1457 2652 excommunicato
1479 2586 1665 2653 nominatim
1685 2585 1727 2653 ab
1747 2586 1834 2670 ipso,
1870 2584 1977 2652 divine
2002 2582 2160 2653 celebrare
2178 2579 2282 2650 cilicia

826 2688 1026 2773 sumpsisset,
1048 2686 1283 2773 propterquod
1303 2687 1428 2754 rinequ
1448 2686 1511 2755 init
1528 2688 1857 2757 excommunicationis
1877 2688 2043 2755 nedictus:
2065 2685 2141 2753 licet
2161 2680 2279 2771 postm

826 2791 1009 2878 penitudine
1029 2791 1179 2859 dmuluta
1200 2791 1282 2859 sient
1302 2791 1447 2859 concutit
1467 2810 1507 2860 ex
1527 2791 1698 2876 postfacto,
1715 2791 1813 2860 fuerit
1832 2789 2011 2873 absolutus,
2033 2789 2136 2857 denno
2157 2793 2264 2857 tamen

826 2893 952 2982 eulpam
972 2900 1022 2963 eet
1041 2893 1185 2980 relapsus
1206 2894 1357 2978 eamdem,
1377 2899 1412 2962 et
1432 2894 1467 2961 in
1487 2895 1653 2980 pristinem
1672 2893 1863 2963 mundam
1881 2898 2056 2968 moestus
2077 2889 2144 2959 Nos
2157 2891 2256 2976 igitur
2276 2937 2279 2945 ·

825 2995 946 3081 dentes,
964 2995 1049 3083 quod
1062 2996 1222 3082 predictus
1235 2997 1398 3083 episcopus
1413 3000 1509 3065 ‘muto
1522 2995 1636 3066 lortius
1654 3016 1751 3066 norro
1763 2997 1859 3066 debet
1878 2994 2089 3066 mansues
2111 2993 2276 3080 discipline

824 3099 948 3186 effigi,
970 3104 1090 3186 quanto
1109 3100 1287 3168 innocentie
1307 3098 1377 3169 lora
1397 3119 1459 3185 qne
1480 3100 1514 3168 in
1534 3101 1605 3169 aliis
1623 3100 1777 3170 debueret
1797 3100 1954 3171 moderari
1973 3097 2184 3167 damnabilius
2202 3096 2236 3165 in
2258 3126 2287 3155 ;·.1

825 3201 959 3272 innuit:
997 3202 1197 3270 universitati
1217 3207 1320 3270 essue
1340 3202 1525 3271 mandamus
1546 3209 1581 3270 et
1599 3203 1743 3271 mulera
1763 3203 1969 3288 precipimus,
2005 3206 2161 3288 qnatenus
2182 3218 2238 3269 seu
2261 3230 2285 3260 ιι

826 3305 928 3392 ipsam
948 3311 982 3374 et
1002 3305 1090 3374 illam
1111 3324 1206 3390 qnam
1227 3306 1310 3373 idem
1331 3304 1584 3390 archiepiscopus
1615 3305 1649 3371 in
1670 3306 1836 3374 canonicos
1858 3311 1892 3372 et
1911 3305 1992 3373 alios
2014 3304 2144 3373 clericos
2165 3324 2244 3390 prop
2267 3333 2280 3361 e

825 3426 947 3478 casum
959 3407 1093 3477 similem
1106 3407 1202 3476 simili
1216 3408 1336 3477 ultione
1356 3407 1586 3475 rationabiliter
1605 3407 1824 3493 promulgarit,
1845 3426 1947 3493 usque
1966 3407 2009 3475 ad
2029 3407 2277 3476 satisfactionem

824 3510 951 3598 dimam
981 3510 1104 3580 baiam
1133 3510 1354 3579 inviolabiliter
1382 3510 1558 3592 observari,
1593 3515 1824 3595 contemptores
1844 3509 2057 3598 appelatione
2075 3508 2254 3595 postposita
2281 3537 2287 3565 ι

824 3614 954 3684 dmum
970 3614 1173 3684 districtione·
1189 3614 1335 3700 cogendo.
1364 3613 1484 3683 Datum
1504 3613 1604 3682 Βοιιιο
1621 3612 1707 3699 apud
1727 3619 1872 3682 sanctum
1891 3613 2022 3683 Petrum
2043 3619 2159 3699 quarto
2180 3612 2256 3680 ldus

824 3715 896 3802 arii,
916 3735 999 3785 auno
1020 3736 1113 3788 nono.
2240 3746 2242 3749 v

1509 3912 1584 4001 Nr.
1615 3910 1686 4000 60.

928 4109 1168 4195 Innocentius
1194 4110 1257 4215 Pp.
1273 4109 1339 4194 111
1365 4115 1505 4194 1207
1530 4110 1613 4196 Jan
1632 4117 1712 4210 10,
1736 4110 1849 4195 Βοιιο
1866 4109 1967 4215 apud
1983 4131 2013 4194 a
2030 4109 2200 4213 Petrum
2217 4146 2284 4195 um·

824 4231 955 4302 duabus
965 4231 1113 4301 Poloniae
1133 4231 1276 4314 mandat,
1295 4231 1336 4299 ab
1349 4235 1554 4318 occupatione
1575 4232 1764 4301 mutatum
1785 4231 1987 4300 ecclesiarum
2005 4231 2184 4299 meantium
2204 4229 2287 4297 dei·¹

927 4335 1103 4418 Moeno
1122 4344 1153 4403 a
1171 4340 1213 4400 ca
1237 4339 1328 4402 naar.
1350 4339 1532 4419 macana,
1552 4339 1678 4402 omae
1695 4345 1750 4404 ae
1767 4337 1818 4418 rr,
1835 4356 1869 4417 ρ.
1891 4335 1988 4401 roes.

926 4538 1091 4609 Nobilibus
1112 4540 1198 4623 uiris,
1220 4540 1350 4610 ducibus
1372 4542 1405 4608 in
1426 4542 1560 4611 Polonia
1580 4542 1773 4611 consulatis.
1795 4540 1830 4610 si
1852 4559 2036 4626 quoeunque
2056 4557 2152 4624 super
2195 4568 2198 4577 ι
2246 4569 2282 4598 :a

823 4641 916 4727 betis,
937 4643 978 4711 ab
1000 4662 1037 4711 eo
1058 4645 1113 4728 qni
1131 4644 1255 4712 habitat
1276 4646 1309 4712 in
1331 4646 1408 4714 celis
1430 4647 1652 4731 recognoscitis
1673 4666 1729 4714 eos
1749 4646 1880 4728 habere,
1900 4644 1980 4711 satis
2002 4643 2130 4727 quidem
2149 4661 2226 4727 rapu
2248 4673 2251 4697 ι
2284 4670 2287 4698 2

823 4744 905 4815 betis
926 4746 1097 4832 indignum,
1119 4752 1157 4814 ut
1176 4766 1233 4832 per
1254 4750 1426 4832 potentiam
1448 4769 1543 4834 quum
1563 4750 1729 4834 accepistis
1750 4747 1889 4833 abipso,
1910 4747 1943 4813 in
1962 4746 2115 4814 ministris
2137 4747 2203 4813 suis
2221 4765 2280 4812 rm·

824 4848 968 4918 lmerads
988 4848 1099 4918 eidem.
1131 4852 1318 4936 Accepimus
1339 4870 1426 4934 sane,
1448 4852 1533 4936 quod
1554 4870 1625 4920 oum
1642 4851 1769 4935 aliquos
1789 4851 1947 4936 provincie
1968 4856 2072 4918 vestre
2093 4848 2236 4933 presules
2257 4867 2279 4917 a

824 4952 907 5020 senti
927 4953 1031 5021 socqu
1053 4953 1188 5037 migrare
1209 4954 1379 5039 contingit,
1413 4975 1479 5040 sos,
1501 4957 1556 5040 qni
1578 4956 1661 5024 siout
1682 4973 1791 5022 eornm
1811 4955 1952 5039 precipui
1973 4953 2030 5021 filii
2050 4953 2196 5020 viduatus
2214 4952 2287 5020 den

823 5052 969 5123 ecclesias
990 5055 1160 5138 consolari,
1196 5057 1334 5124 dolorem
1368 5078 1464 5143 super
1482 5059 1621 5144 ipsarum
1654 5058 1792 5126 dolerem
1820 5058 1978 5144 apponitis
1998 5055 2167 5124 mutuom
2189 5057 2287 5124 antis

823 5155 1039 5227 mentium
1061 5158 1249 5240 mandendo,
1271 5163 1464 5245 enepotius
1482 5182 1590 5230 eorum
1611 5162 1786 5229 debuerant
1806 5160 2037 5230 successoribus
2059 5161 2246 5228 conseruari.

822 5259 935 5346 igitur,
967 5260 1028 5327 etsi
1054 5278 1176 5344 semper
1194 5263 1335 5330 ecclesib
1357 5269 1524 5349 opporteat
1543 5284 1599 5333 ros
1620 5264 1759 5347 defnrrc,
1792 5264 1958 5349 presertim
1981 5269 2087 5330 mmon
2106 5263 2269 5331 cirluitatis

822 5382 899 5449 pore
919 5381 975 5431 uos
992 5381 1046 5430 ens
1064 5365 1209 5432 conuenit
1228 5368 1379 5433 moereri:
1402 5367 1641 5435 universitatem
1662 5374 1801 5435 restrum
1819 5384 1980 5435 monemus
2001 5372 2036 5434 et
2048 5366 2286 5434 exhormmnra

822 5467 901 5550 tius,
933 5485 972 5536 nc
991 5485 1048 5552 per
1069 5486 1157 5551 euru,
1195 5469 1249 5553 qui
1276 5489 1333 5554 pro
1355 5472 1475 5538 nostds
1496 5471 1717 5555 iniquitatibus
1738 5490 1831 5539 eruco
1851 5469 1990 5555 pendeus
2010 5470 2151 5538 Ecclesia
2169 5488 2225 5537 sue
2242 5488 2265 5553 p

821 5570 908 5656 mum
928 5568 1084 5637 libertatis
1105 5572 1223 5656 proprii
1244 5573 1407 5656 congruitis
1428 5575 1611 5659 aspersione
1632 5573 1832 5659 consempsit,
1869 5572 2072 5641 obtestandos
2093 5592 2148 5639 vos
2170 5573 2277 5640 duaim

821 5674 992 5760 rogandos,
1028 5681 1184 5760 quctcnns
1205 5676 1351 5743 ecclesias
1373 5677 1407 5743 in
1429 5678 1544 5745 vestris
1565 5676 1680 5744 linibus
1699 5678 1889 5744 consecutas
1907 5676 2014 5744 debila
2036 5678 2254 5762 percurrentes

823 5781 890 5847 tate
908 5776 1054 5864 gaudere,
1076 5780 1109 5847 iu
1131 5778 1292 5847 l’ustcnr···
1384 5779 1532 5847 alericum
1554 5779 1689 5848 mobiles
1710 5798 1748 5848 ac
1770 5780 1945 5848 intentabiles
1967 5778 2134 5850 mentum
2156 5781 2273 5849 nullium
