4574 6240
595 260 667 338 156

590 479 664 529 unm
686 461 748 528 mci
769 462 940 530 munimine
962 461 1056 547 sigilli
1078 462 1233 530 roboravi.
1278 461 1394 531 Actum
1415 464 1448 531 in
1470 463 1601 531 Gnezun
1622 481 1705 530 nuno
1726 462 1881 530 dominice
1908 463 2137 545 lucurnocionis

589 563 756 632 millesimo
779 564 993 632 ducentesimo
1023 563 1182 632 tricesimo
1215 566 1337 649 quinto,
1371 565 1474 650 primu
1499 566 1550 632 die
1576 567 1693 633 mensis
1726 565 1856 649 Aprilis,
1883 570 2080 651 presentibus
2100 579 2134 648 B.

588 664 719 749 duno,
742 665 778 735 0.
800 668 931 736 custode
952 667 1141 751 Gneeucusi,
1160 668 1275 736 comite
1293 667 1370 754 (sic)
1392 667 1554 752 Stephano
1576 668 1778 751 ceueellurio,
1805 669 1920 737 comite
1945 668 2135 756 Dropomim,

693 871 820 956 sumu,
843 876 972 939 manno.
1017 827 1166 956 tuosne
1194 875 1336 940 Weounu

1255 1203 1336 1290 Nu.
1371 1199 1468 1289 180.

695 1401 930 1488 Wlnrlislnus
948 1401 1026 1485 lux
1044 1400 1194 1485 Polonie
1228 1401 1362 1481 1235
1379 1399 1466 1482 lini.
1484 1399 1567 1496 28,
1584 1399 1627 1481 ln
1645 1398 1810 1500 tinorum
1827 1416 1935 1484 urum
1955 1416 2070 1488 sveina
2088 1424 2138 1508 (e),

589 1523 749 1610 quondum
773 1543 796 1592 u
822 1523 932 1592 lurico
957 1521 1135 1607 joculatore
1164 1519 1314 1588 ecclesius
1342 1520 1549 1587 Poznnniensi
1578 1519 1736 1600 collucens,
1769 1518 1913 1602 pluribus
1942 1518 2139 1593 libertatibus

589 1632 828 1799 mmmmm.
872 1733 991 1796 eom.
1027 1731 1169 1811 captiuos.
1195 1731 1256 1793 uo.
1279 1732 1379 1808 procu
1404 1729 1439 1802 n,
1462 1728 1517 1791 ur.
1541 1726 1610 1790 reo.
1656 1724 1839 1806 sumsit,
1868 1727 1935 1789 σοι
1959 1719 2138 1805 armatu.

590 1833 701 1899 Maior.
728 1836 830 1900 Poloru
853 1834 907 1897 Νν.
929 1833 958 1895 9.

692 2035 730 2104 ln
751 2035 878 2104 nomine
896 2032 1023 2103 Domini
1044 2053 1147 2103 nmen.
1182 2034 1250 2118 Ego
1272 2033 1466 2101 Wludislnus
1485 2033 1545 2099 Dei
1564 2031 1674 2116 gruciu
1691 2032 1756 2098 dux
1777 2032 1906 2100 Polonie
1928 2039 2038 2100 notum
2059 2031 2139 2103 lenio

588 2142 657 2207 tum
677 2135 877 2223 presentibus
898 2155 993 2222 quem
1014 2135 1142 2218 futuris,
1164 2135 1248 2221 quod
1269 2134 1311 2203 ob
1333 2134 1507 2203 remedium
1529 2135 1633 2201 anime
1654 2152 1723 2201 mee
1745 2140 1778 2201 et
1799 2133 1841 2201 ob
1854 2135 2068 2203 reverenciam
2082 2135 2140 2205 Dei

587 2239 813 2324 omnipotentis
844 2244 878 2307 et
906 2239 1070 2307 beatorum
1103 2237 1189 2305 Petri
1223 2246 1256 2305 et
1284 2237 1376 2304 Puuli
1405 2244 1439 2304 ct
1465 2237 1498 2304 in
1523 2237 1737 2305 remissionem
1770 2243 1972 2321 peccatorum
1989 2257 2139 2324 meorum,

586 2340 696 2411 villum
716 2341 875 2428 quondum
902 2340 999 2409 luriei
1023 2339 1205 2408 ioculnturis
1223 2359 1286 2424 qne
1306 2339 1418 2406 Vehne
1439 2341 1629 2421 nominetur,
1648 2358 1744 2424 quum
1766 2340 1849 2406 idem
1870 2339 1993 2408 lun'cus
2014 2341 2054 2409 de
2071 2361 2141 2410 mee

587 2440 720 2512 licencia
740 2448 774 2512 et
793 2443 991 2528 beneplacito
1020 2441 1156 2510 contulit
1178 2441 1309 2508 ecclesie
1338 2439 1424 2508 beuti
1445 2439 1532 2507 Petri
1557 2441 1597 2507 cle
1618 2439 1759 2515 Pernen,
1793 2442 1862 2509 eius
1889 2442 2047 2511 libertutis
2072 2462 2140 2512 esse

586 2543 668 2628 volo,
690 2546 779 2614 cuins
800 2550 876 2613 sunt
896 2545 970 2614 ville
989 2533 1120 2629 sinque
1140 2543 1279 2612 eusdem
1301 2543 1431 2611 ecclesie
1452 2542 1538 2610 besti
1559 2543 1646 2610 Petri
1668 2544 1707 2611 de
1720 2544 1894 2612 Pozuunin:
1917 2546 2057 2613 eximens
2070 2565 2139 2614 eum

585 2664 608 2714 s
627 2646 788 2716 solucione
806 2647 847 2714 (le
867 2647 1044 2733 podvorore
1064 2653 1098 2715 et
1118 2647 1158 2715 de
1180 2653 1311 2714 stroszn„
1356 2646 1490 2729 Insuper
1512 2645 1657 2726 conoedn
1674 2645 1759 2729 quod
1782 2646 1884 2714 incole
1903 2647 1978 2715 ville
1999 2647 2139 2732 predicte

586 2748 629 2818 ud
649 2748 847 2818 mdienmnm
868 2751 1032 2820 castellensi
1058 2750 1098 2817 de
1124 2749 1248 2817 Ostrow
1272 2750 1365 2818 citeri
1383 2767 1447 2816 nou
1468 2746 1603 2816 debenut
1632 2766 1689 2815 nec
1712 2748 1802 2815 citnti
1824 2768 1931 2819 corum
1952 2767 1991 2818 eo
2012 2769 2140 2834 respon·

585 2850 671 2936 dere,
693 2851 750 2920 reu
770 2858 896 2921 mutum
918 2870 1025 2921 eornm
1045 2872 1097 2921 me
1117 2853 1168 2920 rel
1190 2870 1297 2920 uorum
1318 2851 1482 2918 iudiceris
1503 2852 1591 2917 curie
1613 2869 1692 2916 meu.
1713 2853 1830 2918 seeum
1851 2852 1885 2918 in
1906 2851 2037 2920 Gnesnu
2057 2870 2140 2920 euno

586 2953 713 3024 Domini
733 2954 937 3024 mccxxx
957 2957 1079 3042 quinto,
1102 2955 1132 3021 V
1154 2953 1314 3023 liniendus
1333 2953 1426 3034 Iunii,
1449 2952 1647 3037 presentibus
1666 2952 1802 3019 testibus
1816 2951 1947 3022 inierim
1964 2955 2138 3022 muomtis:

585 3055 713 3124 domino
734 3055 888 3125 suanno
905 3058 1042 3140 (lemno,
1068 3057 1195 3125 domiuo
1216 3057 1354 3135 Mures,
1376 3055 1503 3123 domino
1524 3056 1680 3139 menneo,
1707 3054 1833 3123 domino
1854 3056 1991 3138 Mutius,
2012 3056 2138 3125 domino

585 3156 717 3241 Thomu,
738 3157 866 3226 domino
886 3157 1057 3244 Gotpoldo,
1079 3159 1204 3226 domino
1219 3157 1393 3242 Stephano,
1406 3156 1533 3224 domino
1547 3156 1698 3239 Muttine,
1714 3159 1872 3226 mnonieis
1886 3158 2138 3239 Gnezneusibus3

585 3258 712 3328 domino
744 3259 908 3346 Stepbnno
937 3261 1141 3342 concellari03
1175 3260 1302 3328 domino
1324 3260 1468 3344 Detvigo,
1499 3260 1626 3327 domino
1651 3261 1831 3346 Peregrinu
1860 3263 1988 3331 domino
2015 3263 2139 3344 Iacobo,

584 3362 712 3431 domino
733 3362 884 3448 Iobnune,
906 3364 1034 3433 domiuo
1055 3363 1199 3446 Nednno,
1221 3363 1393 3449 capellanis
1420 3362 1461 3429 de
1483 3364 1571 3430 curis
1589 3363 1668 3430 dieti
1689 3363 1790 3446 ducis,
1812 3370 1846 3432 et
1866 3364 1938 3432 eliis
1959 3384 2056 3450 quum
2071 3366 2140 3450 plu·

584 3465 674 3534 rubus
694 3465 816 3536 clericis
836 3472 872 3535 et
892 3468 991 3554 lnycis
1012 3468 1068 3554 qui
1091 3475 1168 3536 tunc
1188 3465 1357 3535 siluerunt
1878 3488 1882 3496 ·

614 3714 618 3723 ·
689 3670 811 3756 Veline,
841 3677 893 3740 nie
918 3675 1118 3754 duobusne,
1146 3678 1227 3739 motc
1250 3676 1359 3754 roobec
1378 3691 1456 3736 zoor.
1487 3675 1592 3756 Velm,
1614 3677 1692 3753 σιμὰ·
1719 3675 1839 3740 Wetnu.
1870 3673 2012 3758 'ostrum
2035 3679 2140 3741 zumclc

585 3776 712 3858 retem!
731 3795 775 3842 nu
795 3782 906 3858 upspie
919 3780 1042 3856 jeztoru
1064 3777 1200 3842 Ledeueu
1216 3778 1284 3856 pou
1302 3795 1340 3840 m.
1365 3777 1568 3853 Pobiedzielcu,
1591 3799 1609 3840 ι
1629 3776 1755 3857 ktlrepo
1777 3777 1844 3842 dcii
1861 3783 1954 3842 rutero
1967 3783 2138 3859 potestalu.

1258 4108 1333 4196 Ns.
1367 4104 1465 4194 181.

689 4303 886 4408 Gregorius
912 4304 975 4409 Pp.
1009 4303 1067 4388 IX
1101 4307 1235 4387 1235
1269 4306 1357 4391 lun
1387 4309 1470 4402 26,
1503 4304 1666 4406 Perusii;
1700 4322 1864 4392 oenfirmu
1899 4323 2036 4392 uenum
2068 4325 2139 4392 uuo

583 4422 716 4493 Silesine
736 4430 770 4491 et
792 4422 962 4492 Orucovine
981 4427 1240 4510 compositionem
1257 4427 1340 4493 iuter
1369 4425 1473 4511 ipsum
1495 4432 1530 4492 et
1556 4425 1764 4493 Wlurlislnuru
1791 4426 1901 4494 iucem
1922 4426 2072 4494 Poloniuc
2093 4426 2140 4493 in·

584 4547 680 4626 enm,
702 4542 991 4610 senonensem
1013 4563 1093 4629 quus
1113 4562 1210 4628 super
1230 4564 1301 4613 enm
1322 4544 1491 4613 cederunt:
1520 4527 1632 4610 l’ulco
1660 4528 1860 4610 insumens
1891 4529 2043 4612 ecclesie
2070 4531 2138 4610 mi·

586 4643 706 4726 nictu
720 4642 891 4726 *humilis
919 4647 957 4726 et
981 4642 1122 4727 Peulus
1149 4645 1390 4729 Pomnniens.
1418 4646 1631 4751 episcope
1658 4668 1692 4729 e
1719 4648 1754 4732 b
1781 4651 1819 4730 et
1844 4647 1871 4729 1.

691 4767 829 4847 muer,
857 4769 1051 4832 emma
1073 4770 1176 4834 usto.
1198 4772 1342 4833 munuae
1366 4770 1393 4844 1,
1414 4769 1467 4831 oe.

686 4966 859 5054 Gregorius
881 4971 1045 5056 episcopus
1067 4979 1165 5056 (ete),
1187 4972 1303 5041 dilecto
1325 4970 1391 5039 lilio
1414 4970 1512 5038 nobili
1534 4973 1601 5039 viro
1623 4972 1761 5040 ilenrico
1782 4971 1855 5040 duci
1877 4974 1980 5042 Zlesie
2002 4981 2036 5044 et
2062 4974 2140 5044 (lm-

429 5061 432 5064 ⁴
576 5072 670 5140 curie
690 5072 825 5140 sulutem
847 5079 941 5152 (etc).
971 5073 1021 5141 Eu
1041 5092 1103 5158 quc
1125 5074 1241 5142 iudicio
1264 5075 1312 5141 vel
1335 5073 1505 5142 concordis
1525 5075 1738 5142 terminentur
1760 5087 1831 5154 (ere.
1853 5084 1979 5159 ωριιιε)
2001 5095 2140 5146 eommu-

582 5174 660 5253 uiri.¹
699 5173 1025 5259 Exhibitusiquirlem
1046 5176 1137 5244 nobis
1159 5182 1216 5243 tue
1235 5178 1351 5262 petitio
1372 5175 1564 5259 eontincbnt,
1586 5177 1671 5262 quod
1689 5195 1761 5245 eum
1782 5179 1866 5246 iuter
1887 5185 1919 5247 te
1941 5198 1979 5250 se
2002 5180 2138 5249 nobilem
