4492 6224
669 375 744 454 210

669 575 718 648 Ut
734 576 833 662 igitur
852 576 1026 661 ecpnlictes
1047 576 1163 646 fratres
1184 577 1224 646 de
1243 582 1354 647 nostru
1371 577 1514 647 amicicia
1533 583 1567 647 et
1587 578 1784 663 protectione
1797 597 1893 665 qnam
1907 599 1929 645 a
1944 578 2035 649 nobis
2049 592 2209 672 sperabam

666 679 867 748 redderemus
888 697 1024 761 securos,
1047 699 1175 764 presens
1196 682 1348 766 scriplum
1370 698 1522 766 supereo
1544 681 1692 749 iussimus
1713 682 1783 749 dari
1804 687 1839 749 et
1858 682 1954 766 sigilli
1976 691 2076 754 nostri
2098 694 2210 780 inprro.

667 781 756 850 sione
776 782 928 864 roborari,
951 782 1085 850 testibus
1106 782 1327 851 nichilominus
1355 785 1483 851 adibitis
1507 803 1642 868 quorum
1670 784 1798 852 nomina
1823 791 1900 852 sunt
1927 784 2000 853 beo:
2035 789 2210 876 Bogumpp,

667 884 838 968 palatinus,
860 886 994 952 Thomas
1017 885 1207 953 castellanus
1228 885 1268 952 dc
1290 886 1442 962 Posunan,
1471 884 1626 952 lohannes
1647 886 1837 953 eastebanus
1858 886 1898 953 dc
1920 885 2026 970 Srem,
2049 891 2210 974 Borenlum

667 986 858 1054 castellanus
876 988 916 1054 de
937 987 1126 1069 Zsautlnoch,
1146 988 1336 1073 Predpolcus
1359 988 1549 1056 castellanus
1569 987 1609 1054 de
1630 987 1814 1072 stanspm,
1841 988 2006 1073 Iaroslyus
2029 998 2210 1075 castellanus

667 1086 708 1158 de
729 1089 850 1173 Benyn,
878 1089 1067 1158 edelbertus
1095 1090 1284 1157 cmtellenus
1310 1091 1350 1157 de
1371 1091 1539 1170 Premunt,
1568 1088 1741 1157 Nicboluue
1766 1090 1959 1158 cmtellenus
1984 1092 2025 1159 de
2050 1094 2210 1190 Mrem

667 1189 832 1258 Tolerinus
853 1199 1038 1276 procurator
1059 1199 1176 1272 noster,
1199 1191 1370 1260 Nicholnus
1390 1199 1423 1259 et
1444 1191 1576 1258 Iacobus
1597 1192 1713 1258 notari
1734 1192 1846 1274 nostri,
1867 1191 1978 1259 etalii
2000 1211 2094 1277 quam
2110 1162 2210 1283 plum}

669 1296 736 1359 tam
758 1292 863 1360 clerici
882 1311 978 1377 quam
998 1293 1089 1378 layci.
1112 1293 1232 1378 Siquis
1252 1294 1333 1363 banc
1351 1295 1553 1363 donationem
1574 1299 1717 1361 nostram
1738 1312 1835 1377 quam
1855 1293 2045 1379 supradictis
2067 1299 2210 1378 iratribus

667 1398 702 1461 et
722 1392 1062 1479 hominibusipsorum
1080 1396 1268 1463 contulimus
1297 1396 1466 1480 intringere
1492 1396 1728 1480 presumpserit,
1757 1395 2006 1480 indignstionem
2032 1398 2092 1467 Dei
2116 1414 2209 1477 omni·

667 1497 808 1580 petentis
830 1503 863 1565 el
884 1497 969 1565 beati
990 1497 1126 1583 apostoli
1144 1498 1231 1565 Petri
1253 1505 1287 1566 et
1308 1505 1450 1567 nostram
1472 1516 1506 1566 se
1527 1498 1650 1565 nouerit
1665 1498 1874 1566 incursurum.
1895 1498 2015 1566 Datum
2028 1501 2062 1568 in
2076 1502 2210 1581 Posznap

667 1616 751 1667 enno
768 1600 874 1684 gracie
894 1600 1060 1669 millesimo
1081 1601 1294 1670 ducentesimo
1316 1603 1556 1688 qudragesimo
1579 1601 1702 1685 quinto.

768 1802 948 1886 Paradisum
967 1808 1118 1888 Pnoups
1140 1805 1240 1887 srem,
1257 1791 1350 1873 irent
1372 1805 1561 1882 Zsunthoch,
1582 1811 1709 1872 Senlolc
1729 1805 1912 1891 Tebansytn,
1928 1807 2074 1895 aaron
2095 1810 2209 1901 Benyp

668 1907 759 1974 &adn
792 1905 954 1990 Premunt,
976 1911 1123 1997 Ptrenpt.
1155 1907 1338 1992 Meserecz,
1354 1913 1575 1998 Mipdzprzecz.

1331 2204 1407 2293 Nn.
1438 2203 1540 2292 249.

684 2482 688 2490 .
771 2398 966 2484 Bolmlem
993 2402 1072 2484 dur
1095 2400 1247 2484 Polonie
1273 2407 1406 2485 1245
1432 2423 1461 2484 s
1488 2402 1532 2501 d,
1559 2401 1602 2484 in
1626 2399 1831 2504 Pomunie3
1866 2417 1924 2486 dne
1962 2418 2071 2487 mnis
2105 2419 2211 2490 Sanu-

666 2520 759 2606 rogio
779 2521 820 2588 de
842 2518 1017 2589 Gnarnkdw
1034 2521 1126 2588 villas
1147 2520 1317 2607 (idaiae,
1349 2521 1443 2589 Bielu
1470 2528 1504 2589 el
1531 2519 1707 2590 deankn
1735 2539 1807 2590 cum
1835 2526 1928 2606 parte
1949 2521 2112 2604 territorii,
2133 2523 2213 2592 inter

669 2620 780 2691 duvios
801 2622 928 2706 Druna
950 2622 1053 2690 Noted
1074 2628 1108 2690 et
1127 2621 1279 2691 domnice
1298 2623 1422 2691 inclusi.
1578 2664 1584 2677 ·

778 2728 963 2793 Werczunc.
991 2729 1119 2792 Arcdim
1141 2725 1267 2807 aldone.
1290 2729 1343 2792 lin.
1363 2728 1405 2792 lt.
1429 2729 1479 2791 70.
1498 2731 1524 2806 fi
1540 2729 1607 2792 136
1623 2747 1648 2792 ιι.

769 2926 809 2996 ln
829 2928 955 2998 nornine
975 2928 1103 2997 Domini
1123 2948 1224 2998 amen
1248 2928 1329 2998 Cum
1350 2948 1459 2999 ornnes
1480 2930 1669 3000 donaciones
1683 2930 1805 2997 nullum
1818 2928 1915 2997 robur
1928 2936 2062 3017 possunt
2076 2928 2212 2998 obtinere

667 3030 832 3100 firmitatis
858 3033 921 3100 nisi
954 3033 1075 3101 solenni
1107 3033 1202 3100 titulo
1239 3033 1403 3102 literarum
1441 3041 1476 3102 et
1506 3035 1637 3102 tetiam
1671 3033 1892 3107 smotacione,
1910 3031 2029 3100 inerint
2061 3031 2211 3112 roborate,

664 3133 796 3220 proinde
817 3136 940 3203 noverit
961 3142 1027 3203 tam
1048 3153 1177 3220 presens
1198 3154 1292 3220 quam
1314 3136 1422 3204 interm
1445 3142 1524 3218 etas,
1553 3134 1638 3221 quod
1667 3153 1726 3201 nos
1754 3133 1917 3202 Boleslaus
1950 3133 2012 3202 Dei
2033 3136 2137 3219 gracia
2153 3134 2213 3200 dur

670 3234 811 3318 Poionie,
826 3237 1060 3305 considerantes
1082 3238 1196 3305 eximia
1209 3239 1322 3305 merita
1337 3256 1521 3322 semperque
1534 3237 1640 3304 fidelia
1653 3237 1785 3304 servicia
1798 3241 1833 3303 et
1852 3243 1945 3321 gnta
1964 3235 2055 3305 nobis
2076 3255 2132 3321 per
2144 3235 2214 3302 tide

668 3337 731 3407 lem
745 3345 890 3407 nostrum
904 3338 1125 3423 Soudinogium
1136 3341 1281 3407 comitem
1295 3360 1315 3407 e
1330 3340 1503 3408 Onernlrow
1515 3339 1590 3425 (sic)
1603 3340 1823 3425 multiplieiter
1835 3345 1869 3406 et
1883 3344 2067 3407 constanter
2080 3338 2214 3406 exhibita

665 3445 700 3508 et
720 3441 754 3508 in
785 3439 927 3508 futurum
954 3440 1142 3524 exbibenda,
1172 3442 1312 3509 volentes
1340 3443 1439 3526 igitur
1464 3443 1586 3509 meritis
1609 3442 1749 3509 eiusdem
1775 3441 1956 3526 Sandivogii
1980 3442 2083 3510 nostri
2113 3439 2213 3506 dilecti

575 3559 576 3562 ’
667 3541 856 3628 respondere
876 3542 990 3626 graciis
1008 3543 1136 3625 nostms,
1165 3550 1203 3610 ut
1227 3545 1327 3612 ceteri
1354 3550 1420 3611 tam
1442 3545 1598 3629 progeniti
1624 3545 1676 3611 siri
1701 3563 1796 3629 quem
1821 3544 1878 3611 alii
1906 3545 2009 3612 nostri
2036 3542 2152 3610 subditi
2173 3539 2210 3607 ed

666 3645 825 3732 impendia
845 3647 1000 3713 virtutum
1020 3653 1230 3731 provocentur
1250 3654 1379 3729 extunc,
1408 3648 1500 3712 villas
1526 3653 1652 3713 nosuas
1681 3647 1822 3728 Golinza
1851 3645 1944 3713 Binda
1965 3651 1999 3714 et
2019 3645 2212 3725 Rosdnrssga

664 3748 711 3818 sic
730 3747 842 3830 dictas,
864 3766 936 3816 curn
957 3749 1101 3816 omnibus
1122 3750 1328 3831 utilitatibus,
1359 3749 1503 3817 censibus
1521 3754 1556 3815 et
1576 3748 1765 3830 redditibus,
1792 3753 1826 3816 et
1853 3746 1999 3844 omnibus
2025 3754 2060 3815 et
2086 3745 2209 3829 singulis

664 3849 819 3919 irucdbus
840 3856 874 3918 et
895 3853 1075 3919 attinenciis
1100 3852 1142 3920 ad
1173 3853 1296 3921 mdem
1326 3850 1558 3937 pertinentibus
1584 3857 1619 3917 et
1642 3856 1712 3917 toto
1733 3851 1803 3917 iure
1823 3854 1857 3917 et
1877 3850 2016 3917 dominio
2038 3848 2212 3924 earundem,

662 3952 760 4021 nichil
773 3972 903 4040 prorsus
918 3973 976 4038 pro
991 3955 1080 4021 nobis
1094 3961 1152 4021 aut
1172 3957 1288 4022 nostris
1304 3954 1535 4023 suecessoribus
1550 3959 1758 4034 reservantes,
1772 3969 1924 4036 generoso
1939 3952 2011 4037 (sie)
2026 3948 2206 4031 sanuirogm

666 4056 775 4125 onmiti
796 4074 817 4123 a
839 4055 1013 4124 czarnkou
1033 4062 1067 4123 el
1089 4056 1157 4122 eius
1178 4057 1341 4140 legittimis
1370 4056 1543 4141 progenitis
1572 4061 1606 4122 et
1634 4054 1866 4122 successoribus
1898 4053 2020 4137 damus,
2053 4051 2211 4126 tradimus,

669 4157 888 4227 confirmemus
909 4164 944 4225 et
964 4159 1047 4225 dono
1068 4158 1181 4225 dannrm
1202 4159 1235 4224 in
1256 4165 1444 4242 perpetuum
1466 4157 1628 4238 tenendas,
1650 4157 1820 4240 habendas,
1836 4157 2022 4238 vendendus,
2046 4151 2209 4226 donandas,

666 4261 913 4342 mmmutandas,
936 4267 1032 4344 prout
1053 4260 1114 4328 sibi
1132 4266 1190 4327 aut
1211 4262 1276 4327 suis
1297 4261 1530 4328 successoribus
1549 4259 1660 4324 melius
1683 4259 1927 4327 convertendum
1947 4258 2115 4325 ridebitur.
2154 4251 2214 4319 nl·

668 4360 820 4430 dicientee
838 4363 967 4446 insuper
987 4362 1027 4429 ud
1049 4363 1174 4430 easdem
1195 4363 1296 4444 villos,
1318 4364 1413 4429 silvas
1434 4368 1468 4428 et
1488 4361 1599 4429 borres
1620 4366 1756 4436 nostrae,
1778 4379 1857 4444 quas
1878 4360 1909 4427 ei
1931 4366 1965 4427 et
1987 4353 2213 4426 suecessoribus

665 4463 731 4531 suis
752 4464 785 4530 in
804 4470 991 4548 perpetuum
1013 4464 1134 4546 domm
1157 4463 1311 4531 uadimns
1329 4470 1363 4530 et
1382 4464 1465 4530 dono
1487 4463 1612 4543 damus3
1642 4468 1677 4530 et
1702 4463 1762 4529 boc
1781 4462 1959 4546 incipiendo
1991 4460 2113 4528 evado
2134 4457 2215 4522 dicto

666 4566 700 4632 in
720 4565 843 4649 rulgari
865 4565 1040 4649 Angellort,
1064 4566 1138 4633 inde
1159 4571 1244 4633 recte
1264 4566 1305 4632 nd
1327 4565 1420 4632 tinem
1439 4565 1527 4632 lacus
1552 4566 1686 4648 antiqua
1714 4565 1885 4631 Marthuia
1910 4564 1957 4631 sic
1978 4562 2071 4643 dicti,
2099 4559 2138 4626 ab
2162 4556 2215 4621 luc

665 4667 737 4735 lacn
758 4673 845 4735 recte
865 4666 907 4734 nd
928 4668 1044 4734 Album
1065 4668 1178 4750 lutum,
1200 4667 1241 4734 ab
1262 4667 1345 4734 nino
1366 4667 1435 4734 luto
1455 4674 1541 4735 recte
1562 4668 1602 4735 ad
1625 4667 1756 4736 Clarum
1777 4673 1931 4749 montem,
1960 4666 2002 4734 ab
2027 4665 2088 4732 hoc
2109 4665 2210 4729 monte

664 4769 752 4838 claro
769 4768 810 4836 ad
831 4769 929 4836 elium
950 4776 1090 4837 montem
1111 4770 1255 4854 tongum
1276 4772 1323 4838 sic
1343 4777 1498 4852 vocatum,
1521 4771 1562 4839 ab
1580 4771 1640 4839 boc
1658 4776 1766 4838 monte
1787 4770 1906 4854 lengo,
1925 4769 1980 4854 qui
1994 4787 2090 4852 super
2111 4763 2211 4830 villam

664 4870 843 4957 Melogmor
872 4871 1057 4954 declinatur,
1089 4878 1174 4939 recte
1207 4873 1254 4939 oie
1282 4878 1378 4957 caput
1403 4872 1490 4940 iluvii
1518 4875 1573 4957 qui
1599 4873 1750 4958 oppidum
1772 4873 1887 4958 Seiopa
1907 4872 2000 4939 alluit
2020 4869 2062 4938 od
2083 4864 2211 4950 lapidem

663 4973 821 5056 adustum,
840 4973 881 5041 ab
902 4974 962 5042 boc
991 4974 1106 5058 lepide,
1139 4975 1320 5043 transiendo
1349 4974 1465 5042 flumen
1493 4977 1549 5059 qui
1579 4995 1618 5043 ex
1646 4976 1717 5043 lacu
1744 4974 1897 5042 Bulronrie
1923 4974 1970 5042 sic
1997 4972 2084 5040 dicto
2109 4967 2214 5036 oritur.

422 5063 427 5068 “
516 5142 518 5146 ,
660 5082 749 5144 wreete
767 5075 808 5143 on
826 5076 942 5158 arum,
963 5077 1004 5145 ao
1025 5078 1096 5144 um
1114 5096 1171 5160 per
1188 5075 1302 5143 numen
1325 5076 1480 5145 ezunnm
1508 5077 1548 5144 lu
1575 5076 1758 5145 uicimus
1779 5082 1874 5160 recte
1898 5095 1919 5144 ι
1940 5073 2122 5144 nieman
2135 5072 2215 5134 nete

662 5177 704 5245 ad
725 5177 825 5261 betas,
846 5178 887 5246 ab
916 5179 966 5245 his
993 5179 1074 5246 betis
1103 5183 1188 5245 recte
1216 5177 1258 5244 ad
1278 5179 1396 5246 rollum
1417 5185 1633 5264 nuncupatum
1655 5178 1796 5262 Parowa,
1826 5179 1868 5247 ab
1888 5178 1949 5247 boc
1970 5178 2053 5246 vallo
2075 5177 2158 5242 recte
2178 5160 2215 5230 dd

662 5278 799 5348 nrulum
819 5288 966 5349 vocatum
995 5281 1186 5363 Iarzembelr,
1213 5281 1254 5347 ab
1282 5281 1341 5350 hoc
1369 5281 1471 5349 rivulo
1498 5287 1584 5351 recte
1609 5281 1651 5349 nd
1675 5279 1807 5350 flurium
1834 5280 2014 5364 municas,
2041 5279 2100 5347 boc
2127 5267 2214 5339 flurin
