4574 6240
1911 418 1981 492 lll

444 643 545 707 verso,
566 629 601 692 et
621 624 681 691 boe
702 622 868 691 cuiuslibet
888 622 957 689 iure
977 621 1011 688 in
1033 621 1189 704 integrum
1211 626 1403 689 mnservato.
1449 620 1493 687 Et
1521 619 1580 687 hoe
1609 619 1694 702 iuro,
1728 620 1811 705 quod
1840 619 1870 688 ei
1899 617 1986 687 nullo

446 726 779 813 temporeinmutabo.
821 726 950 793 Terram
972 742 1045 791 vero
1067 742 1128 807 que
1154 721 1195 790 ad
1225 724 1327 809 ipsum
1352 743 1390 791 cx
1412 731 1546 808 patmon
1566 723 1762 790 successione
1789 723 1925 806 devenit,
1953 723 1986 790 in

445 831 671 918 protectionem
692 834 726 897 et
746 828 878 897 tutelam
900 827 1045 912 suscipio,
1075 833 1108 894 et
1129 832 1240 893 eontra
1260 847 1383 894 omnem
1404 827 1560 894 hominem
1583 832 1651 893 toto
1676 845 1770 910 posse
1790 846 1859 895 meo
1880 825 1987 894 dcien·
2034 836 2045 857 ⁸

447 932 531 1016 darn,
554 939 621 1001 tem
643 953 699 1017 per
718 951 767 1000 me
789 951 883 1017 quam
903 949 1066 1015 permees
1090 937 1128 996 ut
1149 949 1223 996 suos
1240 930 1367 998 milites,
1410 930 1551 998 Berones
1573 928 1640 996 eius
1658 929 1758 996 eciam
1780 937 1812 995 et
1834 929 1914 997 alios
1932 949 1987 996 no·

446 1035 525 1104 biles
543 1054 622 1121 pure
643 1036 771 1119 diligam
792 1039 826 1102 et
843 1034 974 1118 benigne
996 1031 1173 1116 confovebo,
1194 1031 1315 1116 plebem
1336 1040 1369 1099 et
1391 1038 1507 1100 tomam
1529 1032 1611 1100 bona
1629 1031 1690 1098 tide
1712 1039 1746 1099 ot
1767 1033 1827 1116 pie,
1853 1031 1987 1099 exclusis
2087 1070 2091 1077 ·

444 1138 677 1225 grammntbns
696 1146 730 1206 et
749 1136 963 1204 exactionibus
983 1135 1140 1217 indebitis,
1162 1153 1269 1219 regam
1291 1133 1353 1220 (ct)
1371 1136 1420 1202 ius
1442 1155 1533 1203 sunm
1555 1134 1685 1202 cuilibet
1706 1135 1905 1203 conservabo.
1936 1134 1987 1200 lu·

446 1241 530 1310 dicia
550 1241 668 1308 iniusta
689 1241 814 1327 penitus
835 1239 997 1307 interdico.
1041 1239 1116 1305 lura
1136 1239 1222 1305 iusta
1239 1245 1272 1305 et
1291 1237 1424 1306 honesta
1444 1240 1614 1306 secundum
1627 1240 1765 1323 episcopi
1780 1245 1813 1305 et
1834 1238 1987 1305 baronum

446 1344 612 1414 consilium
633 1343 744 1412 tenebo
765 1348 800 1410 et
816 1341 929 1410 udam
949 1361 989 1410 ea
1009 1341 1141 1421 firmiter
1162 1340 1204 1410 ab
1226 1340 1297 1408 aliis
1318 1341 1436 1422 teneri;
1458 1343 1542 1426 quod
1564 1343 1662 1427 siquis
1684 1342 1857 1422 violaverit,
1878 1339 1987 1426 punie-

445 1453 513 1530 tur;
534 1451 568 1515 et
585 1446 613 1515 si
634 1446 840 1527 reiteraverit,
860 1446 1013 1530 dignitate
1034 1465 1129 1531 quam
1148 1444 1244 1512 habet
1265 1444 1448 1529 privabitur.
1493 1445 1667 1514 Ecclesiam
1691 1465 1765 1524 vcro
1790 1447 1823 1511 in
1845 1444 1989 1512 omnibus

444 1549 560 1618 limbus
579 1549 644 1616 illis
665 1551 878 1631 constitutam,
899 1550 932 1616 in
955 1568 992 1617 eo
1013 1549 1162 1634 quiequid
1184 1548 1346 1616 obtentum
1368 1566 1407 1614 ex
1428 1549 1561 1632 andqua
1581 1549 1815 1631 consuetudine,
1830 1549 1879 1616 vel
1894 1548 1988 1615 liber·

445 1656 514 1721 tato
539 1671 687 1721 concessa
711 1673 733 1721 a
757 1652 855 1720 fratre
880 1671 950 1720 meo
977 1652 1058 1720 duce
1089 1651 1243 1718 Lestoone
1275 1655 1470 1735 premortuo,
1503 1651 1657 1720 illibatam
1692 1671 1875 1720 conservare
1903 1651 1989 1732 volo;

445 1754 533 1825 salvo
554 1773 602 1837 eo,
623 1755 651 1822 si
672 1755 749 1839 quid
770 1755 943 1840 inspirante
965 1754 1100 1822 Domino
1121 1773 1180 1839 pro
1201 1752 1339 1821 remalio
1357 1754 1463 1820 anime
1484 1773 1552 1821 mee
1572 1756 1724 1840 ampliare
1738 1755 1815 1823 mihi
1834 1755 1991 1839 placuerit

445 1859 480 1928 in
500 1859 652 1945 augendo.
704 1858 823 1928 Datum
848 1859 889 1927 ab
912 1858 1134 1927 Incamaeione
1158 1857 1286 1926 Domini
1313 1876 1396 1925 anno
1428 1856 1678 1926 mcclfflvm
1708 1860 1741 1925 in
1774 1858 1928 1942 colloquio
1956 1857 1990 1923 in

424 1960 544 2032 *cena
579 1961 781 2030 Prosentibus
803 1962 972 2030 Vincencio
994 1961 1192 2030 Gneadnensi
1212 1961 1457 2046 archiepiscopo,
1477 1960 1595 2028 onne
1617 1960 1815 2029 Craooviensi
1836 1967 1871 2027 et
1890 1958 1989 2026 Paulo

451 2064 659 2135 Poananiensi
669 2067 831 2151 episcopis,
841 2064 956 2134 abbate
969 2066 1124 2134 linciensi
1141 2064 1283 2146 Lillrido,
1297 2064 1430 2133 liadollo
1442 2071 1569 2131 cantore
1585 2063 1783 2132 Craeoviensi
1798 2067 1832 2129 et
1842 2062 1911 2129 lide
1921 2061 1993 2146 (sie)

448 2168 610 2255 preposito
631 2171 733 2237 saneti
751 2169 891 2236 Floriani
904 2175 939 2236 at
952 2167 1092 2236 Iohanne
1106 2167 1324 2238 archidiacono
1339 2166 1577 2250 Zudomiriensi‚
1592 2167 1748 2235 Pakoslao
1764 2163 1993 2232 Zudomirlensi

325 2325 327 2329 ,
448 2275 483 2340 et
503 2269 612 2341 Marco
634 2269 833 2341 Craooviensi
853 2270 1015 2357 pdatinia,
1034 2269 1204 2338 blativione
1226 2268 1398 2338 castellano
1419 2270 1600 2338 Vizlieiensi
1623 2277 1657 2337 et
1676 2269 1749 2338 aliis
1770 2267 1888 2336 multis.

447 2585 486 2649 ὼ
509 2473 648 2648 moga:
674 2474 790 2544 Cierio
810 2475 992 2560 findens,
1014 2479 1053 2543 de
1078 2478 1197 2559 iberica.
1220 2472 1476 2560 zodonirlensia
1497 2481 1536 2543 de
1557 2479 1762 2543 Scrtdomierz.
1784 2474 1991 2559 Vizliciensis

1121 2879 1197 2966 Nr.
1233 2876 1331 2968 123

553 3075 788 3161 wladizlaus
814 3075 891 3159 dnn
915 3074 1065 3159 Polonie
1092 3079 1227 3161 1228
1253 3098 1283 3162 a
1310 3078 1345 3162 d
1370 3077 1414 3161 ln
1439 3076 1621 3180 mlloqnlo
1643 3076 1687 3160 ln
1711 3075 1819 3180 dena3
1843 3094 1993 3164 emata

447 3199 616 3270 Polonioae
636 3196 757 3266 oonlert
778 3196 957 3265 mnonicam
986 3197 1174 3282 libertatem,
1198 3200 1269 3268 iura
1292 3216 1367 3267 vero
1394 3197 1610 3266 (iraeovienaia
1636 3197 1787 3266 ecclesiae
1811 3201 1996 3266 comanam

308 3351 311 3358 ,
448 3301 618 3391 promittit

552 3404 747 3471 Pielrosbislri
780 3406 900 3470 soree
920 3408 1082 3486 dyplomot.
1111 3407 1240 3488 decedens
1269 3407 1567 3472 trudonenses.
1600 3407 1645 3484 (Ζ
1658 3410 1842 3487 pacasino
1863 3409 1992 3488 moira,
2064 3435 2067 3441 ·

448 3531 472 3575 re
491 3508 616 3590 hirceo
633 3513 856 3591 przmmmoac
876 3516 980 3589 werp
996 3513 1149 3596 pieczpeie
1170 3512 1300 3591 millu.)
1994 3559 1997 3565 .

551 3714 620 3800 Ego
639 3712 831 3782 wladislaus
852 3713 916 3780 dur
936 3711 1066 3781 Polonie
1086 3733 1144 3799 pro
1166 3714 1303 3782 remedio
1324 3715 1428 3783 anime
1448 3732 1527 3796 mee,
1548 3715 1583 3781 in
1597 3720 1800 3798 mmentnm
1814 3716 1996 3786 retribatio-

449 3819 501 3888 nis
521 3824 630 3887 eterne
650 3816 823 3886 Ecclesiam
844 3816 903 3884 Dei
922 3815 1138 3885 honorandam
1155 3836 1193 3886 ac
1213 3818 1420 3886 decorandam
1433 3818 1604 3916 privilegiis
1622 3818 1700 3885 meis
1718 3817 1830 3888 devote
1847 3820 1994 3905 praelegi,

450 3920 701 3992 ammadvertens
720 3920 763 3986 ·in
787 3919 886 4004 ipsius
912 3919 1030 3987 bonore
1055 3938 1095 3988 ae
1120 3920 1266 3988 libertate
1290 3921 1452 4006 potissime
1478 3922 1577 4005 ipsius
1600 3920 1758 3988 Aldssimi
1780 3922 1907 4006 Filium,
1939 3941 1996 4008 per

301 4068 305 4077 ·
450 4045 544 4113 qun
564 4043 654 4111 reges
674 4031 816 4109 regnant,
838 4024 894 4108 qni
915 4024 1014 4109 ipsius
1036 4044 1128 4093 vens
1150 4044 1282 4110 sponsus
1304 4031 1364 4108 est,
1385 4026 1548 4106 bonorari;
1574 4031 1612 4090 ut
1632 4024 1674 4093 ab
1692 4026 1762 4109 ipso
1781 4044 1913 4108 merear,
1932 4026 1997 4094 snl-
2028 4082 2030 4086 ,

449 4126 550 4196 fultus
570 4127 699 4196 ecclesie
720 4125 886 4211 suffragiis,
909 4134 943 4194 et
964 4127 1081 4194 bonore
1104 4128 1269 4212 temporali
1290 4146 1429 4195 meamne
1446 4135 1480 4195 et
1499 4136 1607 4196 aterno
1628 4127 1775 4212 gaudere,
1797 4129 1853 4212 qui
1866 4148 1998 4197 munera

451 4230 637 4316 temporalia
662 4229 722 4297 sibi
749 4229 883 4296 dulciter
913 4230 1046 4314 inpensa
1077 4231 1283 4297 retributione
1315 4237 1498 4316 compensat
1526 4238 1644 4298 emma.
1690 4230 1788 4298 Cuius
1820 4231 1896 4299 lieet
1928 4235 1994 4316 sint

451 4333 567 4418 omnia,
588 4352 609 4400 a
629 4332 718 4401 nobis
739 4337 845 4399 tamen
866 4351 925 4400 sua
946 4333 1074 4417 propria
1099 4333 1246 4418 dignatur
1271 4334 1410 4418 recipere
1438 4335 1528 4419 qnasi
1556 4340 1673 4401 nostm
1718 4333 1809 4402 Unde
1830 4334 1902 4402 dice
1924 4354 1996 4403 cum

452 4437 544 4506 Davd
564 4457 654 4523 rege:
685 4436 799 4505 Omnia
821 4445 876 4503 tna
897 4442 972 4504 sunt
992 4436 1140 4520 Domine,
1172 4445 1205 4504 et
1231 4455 1292 4521 que
1313 4437 1353 4503 de
1373 4456 1469 4504 manu
1491 4445 1546 4503 tna
1564 4438 1737 4521 recepimus
1758 4437 1901 4504 dedimus
1923 4437 1996 4521 tibi;

451 4547 485 4610 et
504 4543 595 4609 item:
617 4541 749 4608 Domine
770 4541 864 4607 dilexi
886 4541 1029 4609 decorem
1047 4541 1159 4607 (lomus
1174 4549 1237 4607 tue.
1265 4538 1403 4624 Cupiens
1421 4540 1602 4623 gravamina
1623 4539 1906 4608 ecclesiasticarum
1926 4560 1997 4626 per·

450 4662 597 4711 sonarum
617 4650 746 4710 octennis
767 4643 879 4710 inolita
900 4643 1038 4711 relevare
1059 4651 1093 4710 et
1114 4644 1260 4711 solatium
1282 4643 1447 4728 principali
1468 4643 1681 4710 munificentia
1701 4645 1753 4727 pie
1774 4644 1892 4729 lambi,
1924 4644 1998 4712 inde

451 4752 502 4817 eat
519 4746 603 4833 quod
623 4746 763 4814 Ecclesia
781 4746 840 4813 Dei
861 4746 1033 4813 liberaliter
1062 4756 1095 4814 et
1121 4747 1255 4813 libenter
1280 4744 1405 4813 confero
1431 4740 1611 4815 eanonicam
1641 4747 1830 4829 libertatem,
1860 4747 1997 4834 liberans

452 4869 523 4918 mm
541 4849 582 4919 ab
603 4850 746 4916 omnibus
767 4849 998 4934 gravaminibus
1032 4857 1065 4917 et
1091 4848 1306 4917 exactionibus
1332 4849 1493 4932 indebitis,
1528 4851 1663 4917 maxime
1700 4851 1740 4918 ab
1762 4851 1835 4918 hiis:
1869 4852 1996 4936 merod,

451 4971 559 5038 povoz,
581 4953 730 5037 povolove
752 4954 816 5020 sive
838 4953 997 5037 porndlne
1020 4959 1135 5034 strom,
1157 4973 1263 5034 amau,
1286 4955 1354 5036 pisi
1375 4955 1452 5021 sled.
1498 4953 1574 5020 lura
1590 4955 1691 5022 eciam
1711 4954 1925 5023 cracoviensis
1946 4974 1996 5022 ec·

452 5056 546 5126 clesie
567 5058 715 5142 specialia
733 5065 766 5125 et
786 5057 947 5124 domomm
975 5058 1190 5141 relipdosamm
1218 5059 1251 5124 in
1279 5056 1475 5124 Craeoviensi
1503 5057 1620 5125 diocesi
1644 5060 1904 5140 mnasitntnrum,
1931 5058 1996 5126 sive

452 5160 618 5246 largitione
639 5162 813 5246 principum
834 5161 899 5227 sive
918 5161 998 5229 alias
1019 5162 1113 5244 longa
1143 5161 1367 5228 consuetudine
1388 5160 1528 5244 obtenta,
1551 5161 1676 5229 illibatae
1695 5161 1893 5230 ernwrvabo.
1932 5162 1997 5231 Da-

453 5269 521 5331 tum
542 5263 584 5332 ab
605 5263 823 5331 incantatione
844 5264 969 5331 Domini
991 5265 1156 5332 millesimo
1179 5263 1392 5331 cdxlcvlll
1411 5264 1443 5331 in
1460 5266 1623 5348 codoqmo
1639 5266 1672 5333 in
1688 5266 1784 5347 Cerea,
1799 5265 1997 5350 presentibus

455 5364 635 5435 Wiueeucio
657 5366 833 5436 Gircuncnsi
852 5369 1094 5455 ureldepiscopo,
1127 5368 1234 5436 Yvoue
1256 5366 1453 5436 Crucovicnsi
1475 5374 1509 5436 et
1528 5367 1630 5437 Paulo
1652 5369 1857 5437 l‘oananicnsi
1878 5369 1998 5454 cpisco-
