4574 6240
579 257 652 332 114
691 357 698 367 .

573 463 762 541 maculem,
785 457 839 526 ubi
859 477 919 527 nee
939 476 1034 526 eruca
1054 476 1113 526 nec
1136 458 1223 526 tinea
1243 457 1414 526 demolitur
1435 475 1494 525 nee
1514 455 1601 524 iures
1622 454 1776 523 eliocliunt
1795 472 1854 522 nee
1874 452 2031 522 iurantur.
2060 454 2123 542 lgi-

574 566 628 630 tur
649 560 793 628 consum
813 561 883 630 volo
906 568 972 630 tam
993 560 1193 647 presentibus
1206 579 1302 644 quarn
1317 562 1455 647 posteris
1468 558 1633 642 universis,
1655 558 1786 644 quadiu
1808 557 2024 626 remissionem
2037 578 2123 629 mco·

574 683 645 733 rum
666 668 700 731 et
719 665 827 731 moris
847 683 917 733 mee
933 665 1149 750 peccaminum
1170 663 1263 730 simul
1278 669 1312 732 et
1325 665 1559 749 progenitorum
1574 681 1716 730 meorum
1730 665 1766 728 ct
1778 660 1911 729 obtentu
1926 661 1991 728 vite
2004 669 2137 747 eterne.

574 766 616 835 ed
638 765 787 834 honorem
809 767 868 834 Ilei
889 772 924 835 et
943 767 1079 852 gloriose
1100 766 1264 851 genitricis
1286 785 1343 834 sue
1364 784 1548 852 semperque
1561 765 1691 848 virginis
1707 763 1808 832 blarie
1822 769 1856 832 ct
1869 765 1971 832 sancti
1992 765 2124 834 blertiui

573 867 761 937 mutassetis
781 868 910 951 Christi,
932 888 1003 963 cum
1025 887 1179 937 consensu
1205 868 1410 936 illustrissimi
1436 869 1525 937 ducis
1554 868 1684 936 Polonie
1705 866 1887 952 Wlodesley
1917 867 2058 951 iunioris,
2090 876 2125 938 et

574 975 693 1044 domiui
713 973 804 1042 Pauli
824 971 1045 1040 Puanauiensis
1064 971 1195 1040 ecclesie
1214 972 1363 1056 episcopi,
1387 979 1421 1040 et
1442 990 1513 1039 cnm
1536 989 1691 1039 consensu
1714 969 1810 1037 Obori
1829 969 1914 1038 dicte
1933 971 2125 1039 Poaneuicu-

573 1079 617 1146 sla
635 1077 775 1159 ecclesie,
797 1095 869 1144 cum
890 1093 1044 1142 consensu
1066 1073 1223 1158 Sandivoy
1241 1073 1351 1142 fratris
1371 1074 1433 1142 mei
1454 1081 1489 1141 et
1506 1072 1633 1140 Imostb
1653 1071 1712 1139 filii
1733 1071 1843 1140 fratris
1864 1072 1936 1155 mei,
1957 1091 2029 1140 cum
2050 1092 2125 1142 con·

574 1198 669 1249 aenan
691 1179 799 1248 uxoris
819 1196 888 1246 mee
910 1183 944 1246 et
964 1182 1133 1261 parentum
1153 1194 1305 1259 meorum,
1328 1176 1428 1244 obtuli
1450 1183 1485 1243 et
1505 1177 1626 1243 contuli
1647 1177 1751 1244 locum
1765 1176 1969 1261 pmprietutis
1983 1194 2052 1244 mee
2070 1177 2125 1261 qui
2240 1173 2242 1177 ’

573 1282 692 1352 dieitur
718 1279 917 1349 Gostekovue
937 1278 1064 1346 domino
1083 1277 1222 1347 ilenrico
1243 1278 1351 1347 abbati
1378 1284 1412 1347 et
1439 1277 1591 1346 iratribus
1615 1279 1655 1346 de
1680 1279 1791 1361 Lenin,
1817 1277 1860 1347 ad
1884 1278 2126 1347 cemtruendam

574 1407 687 1456 novam
706 1383 866 1454 abbaciam
887 1382 1015 1450 Ordinis
1038 1379 1256 1450 cisterciensis
1277 1383 1328 1450 cui
1349 1380 1535 1450 uocabulum
1557 1386 1608 1449 eat
1633 1381 1814 1463 Paradisus,
1836 1381 1871 1448 in
1892 1382 1958 1449 suis
1983 1381 2126 1451 terminis

574 1493 621 1559 sic
650 1489 834 1557 limitatum:
861 1484 982 1554 adlinet
1002 1504 1023 1552 a
1043 1483 1126 1551 velle
1150 1501 1212 1570 que
1238 1484 1354 1552 dicitur
1381 1483 1524 1570 Gnymar
1550 1483 1583 1549 in
1605 1483 1741 1552 rivulm
1760 1485 1887 1552 nomine
1907 1484 2045 1568 Pellite,
2070 1486 2126 1554 de·

574 1589 749 1661 scandendo
771 1609 828 1675 per
848 1588 980 1656 eundern
1000 1586 1137 1653 nemum
1157 1587 1322 1671 usquead
1342 1587 1422 1654 fines
1446 1586 1531 1653 dicte
1556 1586 1744 1655 inmeditatis
1770 1605 1840 1654 mee
1867 1588 1924 1672 qui
1953 1589 2127 1674 vulgariter

574 1695 721 1765 uomica
742 1696 972 1776 nuncupentur,
994 1708 1066 1757 eum
1087 1689 1172 1756 omni
1195 1688 1337 1756 utilitate
1358 1707 1516 1774 morum,
1538 1707 1704 1774 equarum,
1731 1688 1992 1775 nolmdnorum,
2010 1692 2126 1777 gumi.

574 1817 661 1880 num,
682 1803 846 1884 pratorum
866 1799 901 1862 et
921 1793 1082 1875 silvarum,
1104 1791 1350 1876 melleiiciorum,
1380 1793 1819 1879 pascuarumpiscacionum
1847 1812 1886 1862 ec
1911 1796 2127 1880 senecionem,

575 1907 610 1974 et
629 1901 657 1969 ai
679 1918 741 1985 que
760 1899 822 1967 elie
843 1899 910 1966 sint
927 1898 979 1965 vel
999 1914 1159 1980 emergere
1179 1903 1313 1980 possunt
1333 1897 1493 1964 utilitates
1507 1915 1569 1981 que
1582 1895 1636 1964 bic
1652 1914 1716 1963 non
1730 1895 1962 1982 specificantur,
1983 1899 2129 1968 universe

574 2010 609 2074 et
626 2002 845 2072 universaliter
865 2019 973 2070 omues
994 1999 1211 2084 prenestinam
1233 1998 1372 2083 abbacie,
1394 1999 1542 2068 videlicet
1562 1999 1715 2068 Paradiso
1735 2007 1847 2069 sancte
1859 2000 1972 2085 Maria,
1995 2021 2017 2071 a
2036 2001 2128 2070 nobis

575 2110 610 2175 et
628 2105 671 2175 ab
691 2103 857 2173 heredibus
877 2102 994 2172 nocuis
1015 2120 1103 2170 mero
1124 2106 1160 2169 et
1179 2102 1273 2187 pleno
1294 2103 1363 2171 iure
1384 2102 1590 2172 conteruntur
1606 2108 1640 2171 et
1665 2102 1785 2171 collata
1804 2101 2038 2174 confirmentur.
2081 2105 2129 2174 Ut

573 2209 673 2296 igitur
692 2207 750 2276 bec
768 2207 899 2276 donado
920 2211 955 2274 et
974 2205 1150 2289 assignatio
1172 2210 1292 2288 nostra,
1314 2224 1390 2290 sepe
1409 2206 1571 2275 nominate
1592 2205 1723 2275 abbacie
1744 2210 1779 2273 et
1809 2205 1962 2276 iratribus
1987 2209 2128 2278 eiusdem

576 2310 648 2395 loci,
669 2311 725 2397 qui
746 2315 822 2378 sunt
841 2309 969 2378 Ordinis
991 2307 1208 2376 Cboercieuaia
1229 2307 1451 2377 Posnanienais
1471 2309 1615 2393 diocesis,
1636 2315 1710 2378 reta
1730 2315 1764 2377 et
1777 2309 1962 2380 mconvulsu
1983 2333 2127 2398 pensem

575 2420 635 2498 ret,
657 2414 759 2499 ipsam
780 2413 875 2500 sigilli
896 2414 958 2481 mei
979 2412 1170 2498 appensione
1191 2410 1320 2495 dignum
1340 2412 1417 2480 duxi
1438 2411 1660 2494 roborandam,
1682 2431 1755 2480 cnm
1775 2411 1930 2481 bonorum
1943 2414 2129 2484 etlidelium

574 2516 715 2585 virorum
736 2516 945 2586 attestatione
965 2533 1100 2601 quorum
1122 2514 1180 2582 hec
1201 2520 1278 2582 suut
1297 2515 1442 2583 nemim:
1464 2515 1653 2584 Vlodasleus
1672 2515 1777 2583 iunior
1791 2514 1855 2582 dux
1868 2515 2008 2600 Polonie,
2029 2518 2130 2586 domi·

577 2638 638 2689 nus
662 2619 780 2689 Paulus
805 2621 971 2707 epiampus
996 2618 1227 2700 Posueniensia,
1251 2615 1397 2684 dominus
1423 2616 1581 2685 Hearicua
1607 2616 1708 2687 abbas
1732 2615 1774 2686 de
1799 2618 1911 2702 leuin,
1941 2619 2131 2689 wilhelmus

577 2722 730 2810 plebanum
742 2723 783 2792 de
796 2722 1006 2804 Gosoelrovve,
1028 2720 1216 2790 Sandiuoins
1236 2719 1337 2789 freter
1356 2739 1456 2803 meus,
1479 2719 1620 2790 Wisaota
1637 2719 1722 2788 lilius
1742 2720 1898 2807 Hugonis,
1919 2721 2130 2793 theodericus

577 2826 768 2896 metebanus
787 2824 828 2894 de
849 2825 997 2894 bleseritz
1019 2830 1054 2893 et
1074 2822 1231 2892 Iohannes
1251 2821 1335 2889 nlius
1353 2823 1433 2905 eius,
1452 2822 1614 2891 Gotardus
1628 2824 1774 2892 autenm
1792 2843 1895 2907 meus;
1918 2829 2038 2894 etcum
2052 2827 2131 2895 elio-

577 2948 649 2998 rum
666 2928 806 2998 fidelium
825 2928 1033 2997 attestecione
1052 2926 1238 2996 clericorum
1257 2930 1292 2993 et
1312 2925 1476 3011 laycorum
1496 2945 1631 3013 quorum
1652 2928 1781 2997 nomina
1800 2927 1889 2996 Deus
1909 2929 2007 2998 novit
2047 2932 2131 3000 Aeta

576 3038 653 3102 sant
669 3031 729 3102 bec
749 3038 784 3102 et
802 3032 881 3101 date
900 3029 1057 3100 Poenanie
1077 3049 1161 3099 anno
1180 3029 1287 3114 grecie
1307 3029 1476 3099 millesimo
1496 3030 1712 3099 ducentesimo
1731 3030 1903 3116 tricesimo,
1930 3039 2046 3117 quarto
2064 3032 2131 3104 Ka·

576 3133 687 3204 icardus
708 3134 882 3219 Februarii,
904 3133 1028 3221 Epacta
1046 3132 1165 3218 XXVI,
1186 3132 1362 3203 Indictione
1383 3132 1424 3203 V.
1445 3132 1534 3222 (sic).

682 3337 892 3423 oceanus,
914 3343 1068 3422 Pendet.
1111 3336 1223 3421 henin,
1249 3340 1354 3404 imon
1405 3337 1508 3408 Vallia
1534 3338 1686 3426 Gnymar,
1715 3343 1868 3408 malo
1889 3341 1957 3408 dall
1980 3348 2131 3432 nemeto.

576 3441 711 3512 ernlru
730 3440 867 3528 Paklita,
887 3465 932 3510 η,
955 3446 1094 3512 Pelliee
1138 3440 1299 3544 aaran,
1322 3444 1545 3530 rademons

1248 3737 1324 3829 Nn.
1356 3732 1456 3828 127.

682 3933 824 4020 Penius
849 3935 1039 4040 epiecopus
1071 3936 1230 4021 Pernen
1260 3938 1400 4020 1230
1417 3958 1447 4022 a
1465 3938 1500 4021 d
1517 3940 1555 4022 et
1571 3937 1614 4042 l;
1641 3953 1780 4023 omna
1804 3955 1845 4024 uo
1865 3955 1944 4024 vina
1964 3954 2134 4027 emeno

578 4075 639 4140 no,
660 4055 811 4126 ecelesiae
831 4075 926 4142 quam
947 4075 1050 4125 eomes
1067 4055 1250 4125 Bronissius
1270 4056 1387 4126 ibidem
1408 4056 1595 4127 fundaverat
1615 4057 1747 4127 madert

682 4161 822 4242 meua.
866 4162 982 4226 neme.
1004 4164 1149 4244 neum,
1171 4164 1219 4226 eo.
1237 4166 1340 4243 paon
1361 4165 1418 4229 ro.
1437 4164 1468 4229 r.

682 4345 722 4415 ln
741 4346 867 4416 nomine
887 4346 994 4416 Petris
1015 4353 1050 4416 et
1070 4347 1145 4416 Filii
1167 4354 1203 4417 et
1223 4348 1362 4435 Spiritus
1383 4349 1486 4419 saneti
1514 4366 1617 4418 emen.
1662 4347 1817 4429 Quoniam
1846 4366 1888 4416 ea
1914 4367 1979 4434 que
1999 4349 2041 4418 ed
2063 4370 2136 4437 per·
2172 4317 2183 4339 ⁰

581 4453 712 4536 petuam
733 4449 781 4516 rei
801 4449 985 4518 memoriam
1003 4450 1226 4535 relinquuntur
1247 4459 1375 4538 oportet
1394 4457 1434 4521 ut
1452 4452 1610 4537 scripture
1623 4453 1832 4520 annotatione
1845 4453 2041 4536 muniantur,
2062 4454 2137 4523 inde

579 4556 631 4620 eat
650 4549 736 4637 qnod
757 4570 814 4636 ego
834 4551 953 4621 Paulus
974 4554 1181 4623 miseracione
1197 4554 1304 4622 dimne
1318 4557 1484 4642 episcopus
1498 4555 1731 4638 I‘oznaniensis,
1753 4553 1953 4623 considerate
1965 4555 2137 4626 devocione

579 4658 615 4722 et
634 4652 789 4723 fidelitate
810 4656 933 4724 comitis
955 4657 1093 4725 Bronisii
1115 4677 1192 4742 erga
1213 4661 1377 4729 eeclesiam
1399 4679 1512 4741 meum,
1533 4659 1642 4726 uolens
1664 4657 1767 4726 eidem
1790 4655 1954 4725 anissio
1975 4665 2071 4744 mala
2090 4660 2137 4727 vi·

580 4755 764 4825 clasitudine
794 4758 995 4843 respondere,
1027 4761 1068 4829 de
1100 4763 1266 4831 voluntate
1294 4763 1431 4832 fratrum
1460 4781 1600 4830 meorum
1627 4761 1849 4829 canonicorum
1875 4760 2137 4830 I‘ozneniensium

580 4858 700 4927 contuli
722 4857 852 4928 eccloeie
871 4878 929 4928 sue
950 4863 984 4929 in
1001 4862 1121 4932 honore
1142 4865 1244 4933 sancti
1265 4865 1397 4934 Martini
1419 4868 1601 4934 consecrate
1621 4862 1759 4930 decimas
1780 4861 1855 4929 ville
1867 4881 1930 4947 que
1943 4861 2139 4935 Gestieboue

580 4965 789 5046 nuncupatur,
812 4961 866 5029 ubi
887 4963 958 5048 ipsa
976 4968 1108 5037 ecelesia
1129 4969 1194 5037 site
1218 4974 1269 5036 est
1295 4975 1481 5051 memorata,
1510 4967 1673 5053 perpetuis
1699 4963 1895 5050 temporibus
1920 4967 2137 5053 possidentes,

580 5063 635 5132 ubi
656 5065 745 5151 prius
766 5065 925 5134 alesmum
948 5076 1019 5138 erat
1039 5078 1073 5138 et
1094 5073 1224 5142 senecio
1243 5073 1382 5142 eiusdem
1408 5072 1532 5142 comitis
1562 5070 1715 5138 Bronissii
1739 5073 1774 5136 et
1799 5069 2037 5154 progenitorum
2066 5090 2161 5160 ano·⁸

581 5184 661 5234 runa
705 5165 871 5237 Utautam
893 5170 951 5239 bec
973 5174 1132 5242 concessio
1152 5195 1192 5245 ac
1213 5175 1346 5245 donacio
1369 5196 1440 5245 mee
1460 5180 1494 5243 et
1514 5172 1649 5241 lratrum
1669 5190 1813 5240 meorum
1834 5171 2056 5241 mnonicorurn
2078 5173 2138 5242 Po-
2157 5227 2166 5252 ,
2188 5243 2192 5248 ,
