4492 6224
311 791 317 800 '
422 777 615 862 diplomatic).

248 5010 257 5069 ἰ

252 5224 262 5347 ἰ

255 5352 265 5505 3

258 5510 270 5799 ἐς

1939 260 1962 337 9

418 469 606 543 Ιωιιιιηιιιιι,Ι
633 487 661 530 ιν
682 466 701 530 1
721 466 891 547 presbyteri
911 467 1092 547 cardinales,
1123 487 1151 529 ιιι
1182 464 1366 546 leplscopi,
1395 486 1423 529 ιν
1447 466 1471 529 3
1496 468 1617 530 diaconi
1638 467 1819 531 cardinales.
1863 466 1966 531 Przcd

416 578 569 662 podpirem
585 574 721 650 latrlepo
741 573 822 635 :omli
842 573 958 650 dreyls
979 592 1006 633 ιν
1024 573 1209 651 rotmuilpclr
1229 571 1410 650 dszlnllucb,
1423 590 1465 650 po
1486 590 1523 635 :a
1542 574 1604 634 airu
1629 590 1669 634 ss.
1690 574 1767 649 czpli
1782 566 1963 653 subscripsi.

521 677 720 754 Nandeleurp.
757 677 875 753 d'e'irdpl.
898 675 1003 738 Stante
1024 674 1146 739 medio.
1179 675 1377 752 (llosselinclr
1393 692 1424 735 a
1453 675 1645 754 Kmeparlea
1670 675 1739 737 cod.
1763 675 1963 736 Pomeraniuc

521 981 724 1050 Innocentius
744 982 910 1069 episeopus
930 1001 1039 1050 servus
1059 1002 1220 1050 scrvmum
1242 982 1316 1065 Dei,
1344 982 1511 1050 vonmabili
1539 980 1632 1050 fratri
1664 979 1821 1048 Norberto
1857 980 1966 1049 Mado-

418 1085 565 1170 burgenei
587 1085 822 1170 archiepiscopo
844 1086 979 1153 salutem
1001 1091 1035 1152 et
1055 1085 1259 1170 apostolicam
1282 1084 1538 1152 benedictionem.
1580 1082 1790 1151 Sacrosancta
1823 1083 1966 1153 Ιιοιιιιιιιι

420 1198 454 1260 ιι
470 1189 645 1275 apostoliea
666 1189 810 1256 Ειιιιιιι
833 1209 872 1257 ex
899 1208 962 1273 quo
984 1196 1016 1256 tn
1037 1189 1070 1255 in
1092 1189 1191 1255 filium
1210 1188 1377 1272 specialem
1399 1187 1579 1271 assumpsit,
1595 1193 1650 1253 tue
1671 1185 1845 1253 devotionis
1866 1185 1968 1253 iervo·

419 1311 485 1362 reru
506 1297 604 1377 atque
625 1287 813 1360 iudustriam
833 1293 866 1358 in
894 1293 960 1357 suis
986 1291 1254 1376 oportunitatibus
1281 1291 1375 1356 certis
1401 1289 1524 1356 indiciis
1550 1290 1773 1373 comprobavit.
1819 1282 1990 1356 Ceterum

418 1394 586 1464 novissime
606 1393 717 1461 diebus
736 1393 818 1477 istis,
841 1413 913 1461 cum
934 1393 1038 1460 divine
1052 1392 1268 1477 dispositionis
1289 1392 1485 1476 providentie
1499 1409 1556 1458 nos
1569 1390 1645 1458 licet
1658 1391 1803 1476 indigmas
1817 1398 1851 1458 et
1863 1393 1968 1459 minus
2020 1450 2025 1466 .

417 1499 544 1567 ffloneos
565 1496 608 1565 ad
626 1498 825 1582 apostolatus
846 1497 1164 1566 amministrationem
1186 1496 1307 1580 placuit
1327 1514 1467 1576 evocare,
1489 1494 1625 1580 idipsum
1641 1514 1776 1581 persona
1790 1503 1846 1562 tua
1866 1496 1967 1579 magis

417 1619 455 1672 ao
475 1599 576 1685 magis
597 1601 722 1683 enituit,
745 1607 861 1685 tueque
882 1600 955 1666 fidei
978 1618 1015 1667 ac
1037 1598 1196 1682 religionis
1219 1599 1398 1666 constantia
1419 1616 1483 1665 nan
1505 1604 1631 1665 tanturn
1652 1599 1773 1680 vicinis,
1794 1598 1967 1666 sedetiam

417 1704 545 1773 remotis
577 1703 758 1772 nationibus
791 1703 952 1772 evidenter
983 1703 1131 1770 innotuit.
1177 1702 1337 1786 Siquidem
1361 1714 1419 1769 nec
1443 1701 1535 1769 labar
1559 1700 1674 1785 aliquIs
1701 1701 1884 1786 temporalis
1909 1719 1967 1768 nec

417 1806 549 1876 alcuius
569 1806 653 1874 mine
674 1825 730 1874 seu
750 1805 1049 1876 blanditie-eiicere
1070 1811 1251 1890 potnerunt,
1272 1805 1348 1888 quin
1367 1803 1517 1872 diversus
1535 1802 1623 1870 Petri
1638 1804 1753 1871 Leonis
1767 1804 1967 1890 tyrannidem

418 1928 542 1979 menum
562 1910 834 1995 inexpugnabilem
855 1918 889 1978 te
910 1928 1094 1995 opponeres,
1115 1915 1149 1977 et
1170 1908 1211 1976 ad
1232 1908 1332 1993 ipsius
1350 1908 1434 1991 regis
1455 1912 1490 1974 et
1509 1905 1644 1974 aliorum
1671 1904 1848 1992 principum
1873 1907 1968 1975 coma

417 2013 451 2080 in
475 2010 563 2080 beati
591 2011 679 2080 Petri
704 2013 915 2082 obelientiam
941 2012 1131 2094 inducenda,
1165 2011 1336 2080 efficaciter
1360 2010 1531 2078 laborares.
1574 2008 1712 2093 Dignum
1733 2016 1784 2077 est
1808 2011 1907 2094 igitur
1930 2015 1970 2077 nt

418 2115 513 2184 Sedes
533 2115 707 2200 apostolica
729 2136 790 2202 que
810 2117 851 2185 de
871 2122 938 2184 ιιιιι
960 2115 1073 2183 devoto
1091 2115 1157 2183 filio
1184 2115 1284 2200 plenis
1309 2114 1481 2182 vincenbus
1505 2113 1695 2199 gratulatur,
1723 2112 1787 2181 tuis
1811 2114 1969 2198 obsequiis

418 2224 513 2304 amne
533 2218 695 2287 laboribus
715 2219 824 2289 debita
848 2219 1043 2304 benignitate
1065 2218 1254 2303 respondeat
1272 2225 1306 2285 et
1326 2219 1360 2286 te
1384 2217 1427 2286 ad
1451 2236 1543 2285 suum
1568 2217 1732 2285 servitium
1754 2217 1969 2301 exequendum

418 2321 554 2407 amplius
584 2321 752 2390 obnoqum
778 2322 885 2391 iaciat.
929 2323 1064 2390 Proinde
1089 2322 1277 2390 venerabilis
1303 2320 1403 2389 lrater
1427 2320 1584 2389 Norberte
1604 2318 1846 2405 archiepiscope,
1865 2321 1970 2406 queri·

418 2425 555 2493 moniam
575 2425 663 2493 illurn
684 2446 780 2511 qnam
802 2426 952 2495 ιιίιιιιιιι
973 2426 1137 2511 episcopos
1158 2425 1287 2493 Potonie
1305 2425 1465 2493 innostra
1482 2425 1643 2510 presentia
1659 2423 1847 2508 deposuisti,
1872 2424 1971 2508 serip-

419 2533 490 2595 ture
520 2532 555 2596 et
582 2533 762 2597 ammento
793 2529 940 2596 dnnmns
975 2527 1241 2595 committendam
1296 2526 1467 2595 asserebas
1500 2527 1645 2612 equidem
1681 2526 1802 2613 prefate
1835 2525 1971 2612 regionis

418 2629 581 2716 episcopos
602 2649 642 2699 ex
662 2631 797 2715 antiqua
818 2614 1045 2700 constitutione
1066 2630 1309 2716 Medebargensi
1322 2632 1454 2700 ecclesie
1467 2632 1536 2700 inre
1548 2632 1780 2717 metropolitico
1799 2630 1970 2712 subiacere,

418 2739 453 2802 at
479 2732 522 2801 ad
548 2733 816 2803 confirmationem
845 2741 899 2802 tua
926 2736 1028 2819 partis
1059 2737 1283 2803 anctoritatem
1315 2735 1570 2821 predecessorum
1600 2741 1780 2803 nostrorum
1812 2733 1971 2814 Iohannis,

418 2835 580 2905 Benedicti
601 2843 635 2904 et
655 2837 771 2905 leonis
792 2838 884 2906 beate
905 2838 1054 2905 memorie
1075 2837 1296 2922 pretendebns3
1317 2857 1396 2923 quon
1417 2840 1567 2907 nimirum
1587 2838 1864 2924 epincopatns,qui
1885 2837 1972 2905 ultra

419 2937 536 3023 ¹Salam,
557 2939 684 3008 Albium
715 2946 749 3008 et
770 2939 907 3008 Oderarn
936 2959 1004 3009 esse
1035 2947 1112 3009 tunc
1142 2943 1293 3026 temporis
1318 2941 1506 3011 videbantur
1540 2962 1597 3011 sen
1622 2944 1678 3028 qni
1702 2942 1819 3010 ibidem
1843 2942 1973 3009 inantea
2105 2937 2108 2994 ἶ
2144 2931 2158 2974 ’Ὺ
2223 2989 2242 3035 ·.

419 3041 526 3111 divina
550 3051 656 3111 essem
675 3050 864 3135 cooperante
887 3043 1055 3112 dementia
1079 3044 1278 3129 disponendi,
1307 3044 1489 3126 interventu
1532 3045 1661 3115 Ottonn
1686 3045 1820 3130 piissimi
1847 3043 1974 3128 augusti
2002 3101 2032 3146 ·.
2110 3108 2114 3116 ,
2169 3099 2171 3103 .
2205 3095 2207 3099 >

419 3145 621 3232 snppmuisse
640 3146 883 3232 Madeburgeasi
904 3148 1034 3215 ecclesie
1055 3147 1231 3215 astruebas.
1262 3148 1401 3228 Quorum
1421 3148 1568 3218 videlioet
1588 3150 1827 3235 episcopatuum
1844 3146 1976 3225 nomina
2058 3224 2061 3229 ,
2167 3221 2170 3228 ,
2193 3239 2197 3246 Ι

419 3246 477 3317 bec
497 3255 586 3317 sunt:
622 3248 712 3318 Inter
731 3249 859 3317 Albium
879 3255 914 3318 et
934 3249 1082 3332 oderam,
1105 3249 1210 3317 Stetin
1231 3248 1403 3328 et'Lubus,
1426 3251 1513 3319 ultra
1533 3250 1671 3320 Oderarn
1691 3270 1766 3320 vero
1787 3251 1971 3332 Pomerana,

418 3349 578 3435 Pontnan,
600 3350 738 3436 Gnenem
762 3352 873 3435 uero,
895 3351 1082 3435 Wartizlav,
1099 3351 1263 3436 Ornciwiz,
1282 3353 1427 3422 blasovia
1442 3361 1477 3422 et
1493 3355 1706 3437 LodilnensIs3
1727 3354 1811 3423 unde
1824 3354 1973 3439 legitimis

420 3452 503 3524 datin
521 3455 665 3539 includis,
682 3457 853 3525 mrundem
871 3455 1073 3524 ecclesiarum
1095 3457 1269 3542 episcopos,
1297 3462 1336 3524 ιιι
1360 3457 1420 3526 tibi
1447 3458 1488 3527 de
1513 3465 1571 3528 tua
1591 3460 1789 3545 querimonia
1805 3457 1974 3544 responde·

422 3562 503 3642 rent,
524 3565 592 3628 tam
613 3579 671 3646 per
683 3560 816 3630 litteras
838 3580 933 3646 quam
955 3579 1012 3645 per
1032 3561 1162 3628 nuntios
1183 3562 1280 3629 semd
1294 3567 1391 3647 atque
1412 3563 1549 3632 secundo
1562 3562 1605 3631 ad
1618 3568 1761 3632 nostram
1782 3561 1974 3648 presentiam

420 3659 630 3745 invitavimus.
673 3662 740 3748 Ipsi
757 3682 832 3731 vero
853 3682 911 3732 nec
935 3667 1091 3731 veneunt
1115 3682 1174 3731 nec
1199 3663 1240 3732 ad
1265 3681 1323 3732 nos
1348 3665 1546 3749 responsales
1570 3666 1694 3751 aliquos
1720 3667 1973 3736 transmiserunt

420 3761 532 3833 Vnum
552 3771 603 3834 eat
622 3767 721 3852 igitur
740 3767 831 3837 nobis
853 3774 887 3835 et
907 3765 1060 3835 iratribus
1080 3768 1208 3850 nostris,
1231 3767 1316 3852 quod
1336 3787 1395 3836 nec
1413 3769 1474 3854 ipsi
1495 3768 1535 3837 de
1555 3788 1616 3837 sua
1636 3771 1836 3839 contumacia
1855 3769 1974 3836 lucrari

421 3865 578 3950 deberent,
613 3889 672 3937 nec
699 3871 958 3956 Madeburgensis
983 3871 1117 3939 moreio
1141 3871 1262 3939 diadas
1287 3873 1417 3957 propria
1448 3872 1571 3941 Iustitia
1600 3874 1789 3959 privaretur.
1837 3872 1974 3956 Ideoque

420 3967 585 4040 karIssime
605 3970 705 4040 bnter
725 3972 882 4042 Norberte
904 3975 1147 4060 archiepIseope,
1170 3995 1209 4043 ex
1230 3976 1403 4061 apostolice
1417 3976 1507 4044 Sedis
1519 3977 1821 4063 benignitatemque
1835 3976 1973 4058 iusticia,

421 4069 462 4140 de
481 4074 632 4159 predictis
668 4076 900 4162 epIscopatibns
922 4084 956 4145 et
977 4080 1121 4146 terminis
1149 4098 1229 4163 quos
1257 4079 1424 4147 iamdicti
1451 4081 1686 4166 predecessores
1711 4081 1813 4148 nostri
1834 4085 1976 4148 antew-

421 4176 544 4246 scribor
565 4179 630 4246 tuIs
651 4182 842 4249 concessisse
863 4187 903 4249 et·
917 4181 1047 4250 ecclesie
1069 4189 1126 4250 tue
1146 4184 1306 4268 pertinere
1327 4189 1511 4267 noscuntur,
1537 4190 1570 4254 ta
1595 4186 1629 4253 in
1658 4186 1888 4271 possessionem
1916 4185 1976 4253 mi·

421 4277 517 4347 simus
538 4285 573 4349 et
596 4281 824 4367 investivimus,
845 4291 879 4354 et
899 4291 937 4354 nt
955 4285 995 4353 de
1019 4292 1125 4354 cetero
1151 4287 1234 4354 idem
1260 4288 1399 4373 episcopi
1428 4287 1623 4358 baternimi
1647 4297 1702 4359 tue
1728 4290 1886 4372 obabant,
1919 4310 1977 4377 per

421 4382 540 4468 scripta
559 4392 671 4455 nostm
691 4387 891 4471 precipimus,
922 4390 1140 4458 nichilominus
1170 4390 1227 4457 tibi
1251 4392 1376 4476 tuisque
1401 4393 1634 4461 successoribus
1655 4399 1689 4462 et
1709 4414 1766 4480 per
1789 4413 1845 4462 vos
1866 4393 1976 4463 binde·

422 4479 567 4570 burgensi
587 4490 728 4571 ecclesie,
749 4490 1011 4574 quemadmodum
1031 4495 1267 4578 prenominatos
1286 4496 1496 4580 episcopatus,
1511 4497 1557 4565 sic
1571 4499 1669 4565 etiam
1686 4498 1742 4582 qui
1764 4499 1796 4565 in
1815 4503 1977 4583 posterum

422 4583 496 4655 Inibi
516 4591 691 4660 auxibnnte
713 4591 848 4660 Domino
871 4593 989 4661 fuerint
1010 4595 1188 4679 ordinandi,
1210 4597 1485 4666 irretractabiliter
1504 4601 1692 4685 possidendo
1724 4600 1794 4668 inre
1823 4607 1976 4686 perpetuo

423 4689 649 4762 confirmamus.
694 4695 763 4763 Tua
787 4696 885 4780 igitur
911 4696 1010 4765 irater
1036 4698 1240 4767 dilectissime
1265 4699 1400 4768 interest
1424 4701 1457 4767 in
1478 4721 1586 4771 amore
1607 4709 1641 4771 et
1658 4703 1845 4772 'obedientia
1866 4711 1977 4772 sancte

423 4791 550 4864 coelem
571 4796 712 4865 Romane
733 4799 912 4883 persistere,
934 4807 968 4868 et
988 4821 1047 4886 pro
1073 4802 1123 4869 his
1146 4821 1209 4887 qne
1237 4803 1278 4871 ad
1304 4804 1454 4873 honorem
1481 4811 1515 4874 et
1539 4808 1714 4875 utilitatem
1739 4807 1807 4875 eius
1833 4813 1977 4892 spectare

422 4900 610 4981 cognoveris,
633 4906 760 4968 attenta
773 4901 938 4984 diligentia
952 4905 1092 4988 vigilare.
1123 4904 1171 4973 Ut
1192 4913 1299 4973 autom
1313 4906 1373 4976 hoc
1388 4910 1472 4994 quod
1487 4911 1612 4979 anobis
1627 4911 1777 4979 canonice
1795 4911 1977 4978 institutum

422 5000 472 5061 cet
491 5000 604 5070 stabile
625 5009 763 5086 maneat,
785 5007 959 5090 apostoliea
975 5027 1108 5075 censura
1129 5008 1188 5075 sub
1204 5009 1310 5078 divina
1325 5013 1433 5079 indicii
1449 5016 1654 5082 attestatione
1669 5014 1823 5097 iubemus,
1838 5014 1978 5082 utnulla
1994 5003 1997 5010 ’

425 5111 564 5187 lemna,
587 5125 686 5190 parva
703 5107 753 5174 vel
781 5127 911 5193 magron,
938 5116 996 5179 aut
1021 5110 1156 5197 quilibet
1182 5130 1398 5182 successorum
1421 5121 1601 5185 nosnomm
1625 5118 1685 5186 bec
1714 5136 1776 5202 que
1808 5119 1977 5187 statuimus
