4574 6240
1259 635 1332 724 Nr.
1367 630 1469 722 218.

695 831 927 916 Wlodlnlaua
953 832 1059 916 ducis
1078 833 1263 933 quondam
1290 833 1424 917 ildonis
1442 832 1469 914 l
1486 855 1533 914 m
1551 830 1657 912 filius
1676 830 1753 910 dur
1771 828 1992 912 Polonorum
2011 836 2141 922 1289
2260 896 2261 900 ι

592 949 680 1057 Api.
706 957 789 1044 25.
814 953 902 1055 8.l.;
924 969 1046 1038 confert
1067 972 1258 1038 monasterio
1280 972 1320 1038 ‹lc
1343 971 1461 1056 Lubiqa
1484 969 1571 1034 3000
1590 984 1716 1035 mansos
1737 967 1821 1033 circa
1842 965 1949 1034 villam
1963 965 2142 1044 Lubczeslro

592 1071 686 1155 sitos,
708 1071 768 1138 sub
788 1080 873 1154 roto,
896 1080 934 1140 ut
954 1074 986 1139 in
1008 1073 1055 1140 eis
1075 1072 1170 1140 villae
1191 1080 1224 1142 ct
1247 1081 1312 1142 tros
1334 1075 1479 1142 civitates
1498 1076 1732 1139 construantur.

695 1179 835 1255 Perperna
857 1182 974 1258 crypta.
1014 1180 1061 1240 Nu
1083 1181 1203 1242 anciaco
1219 1182 1373 1257 jecmaan
1402 1178 1470 1242 io'lt.
1493 1182 1505 1240 ι’
1525 1179 1594 1241 dial.
1618 1178 1848 1255 przonieszonu
1866 1171 1993 1260 pleczqd
2022 1176 2143 1261 ll'ludy-

593 1280 689 1342 elenu
710 1279 841 1363 belreim
860 1287 1004 1357 [pleezee
1023 1289 1099 1352 vn).

702 1381 859 1444 Wroclaro.
896 1379 1017 1476 Kdniql
1034 1384 1138 1446 Stante
1160 1386 1276 1449 Arellio.
1292 1384 1409 1449 bubus
1428 1385 1480 1446 70.
1494 1417 1538 1431 -
1553 1384 1610 1448 ola
1637 1381 1771 1446 Urkund.
1795 1380 1876 1444 ellel
1892 1380 2010 1446 bubus
2031 1381 2143 1454 ἱΧΙΧ.

696 1582 882 1651 innomine
904 1584 1030 1651 Domini
1052 1588 1152 1654 nostri
1175 1586 1271 1654 ihesu
1293 1586 1412 1655 Christi
1431 1605 1534 1654 amen.
1579 1583 1732 1665 Quoniam
1761 1583 1868 1651 omnia
1884 1601 1947 1668 quc
1969 1586 2145 1670 temporali·

594 1691 645 1753 ter
666 1692 814 1770 aguntur,
837 1705 894 1771 per
914 1686 1129 1755 decursionem
1150 1692 1299 1774 temporis
1320 1689 1528 1757 annullantur
1549 1695 1657 1772 preter
1678 1708 1716 1755 ea
1737 1707 1800 1774 quc
1814 1688 1994 1755 litterarum
2008 1687 2146 1772 apicibus

594 1790 788 1855 communito
815 1789 997 1872 sequacium
1025 1791 1176 1858 memorie
1204 1791 1436 1875 relinquuntur,
1464 1790 1537 1857 inde
1564 1790 1723 1873 estquod
1749 1788 2035 1870 noszodizlaus,
2061 1788 2147 1860 ducis

593 1891 751 1977 quondam
773 1891 892 1958 Odonis
914 1890 1012 1960 felicis
1034 1895 1183 1961 memorie
1205 1895 1299 1976 tilius,
1319 1896 1521 1961 miseratione
1541 1892 1649 1960 divina
1679 1891 1743 1958 dux
1760 1892 1950 1960 Polcnorum
1972 1898 2083 1959 notum
2104 1893 2147 1962 iu·

593 1993 694 2062 cimus
717 1993 917 2079 presentibus
934 2000 968 2062 et
988 1993 1115 2077 futuris,
1137 1995 1222 2080 quod
1244 2014 1301 2079 pro
1323 1995 1463 2063 remedio
1484 1995 1589 2062 anime
1612 2000 1720 2062 nostre
1744 1993 1934 2063 contulimus
1964 1993 2057 2061 bcete
2078 1994 2147 2062 l’ir·

545 2180 555 2193 .,
584 2097 659 2188 ⁴pini
682 2096 715 2164 in
737 2096 864 2166 Lubens
885 2096 1113 2181 (lystcrcicnsis
1134 2098 1263 2167 Ordinis
1276 2099 1316 2166 de
1337 2099 1463 2184 dyocesi
1486 2096 1739 2165 Wratizluviensi
1761 2097 1825 2163 tric
1851 2096 1939 2163 milia
1959 2114 2148 2182 mansomm,

543 2177 575 2237 '⁴'
593 2199 707 2267 talium
728 2200 871 2284 qualium
893 2207 968 2267 sunt
988 2201 1073 2269 circu
1093 2202 1235 2270 domum
1255 2209 1395 2269 montem
1416 2203 1450 2268 in
1473 2207 1559 2268 terra
1572 2199 1680 2266 fratris
1695 2198 1797 2265 nostri
1811 2197 1946 2266 illrmuis
1959 2198 2050 2266 ducis
2065 2198 2148 2267 Hen-

592 2301 661 2385 rlci,
682 2302 717 2370 ln
735 2302 896 2371 territorio
915 2302 1067 2371 Wellensi
1085 2304 1170 2371 cirea
1190 2302 1355 2390 Lubzcslro
1377 2310 1411 2370 ct
1432 2303 1529 2387 Bytin
1551 2320 1623 2369 cum
1644 2300 1730 2368 omni
1752 2301 1821 2368 iure
1841 2305 1877 2368 ct
1896 2300 2042 2368 omnibus
2065 2301 2148 2368 utili·

593 2402 724 2486 tutibus,
746 2403 893 2473 videlicet
906 2406 1016 2491 pratis,
1038 2406 1134 2490 agris,
1154 2406 1289 2489 pascuis
1303 2404 1532 2487 venationibus,
1547 2403 1688 2485 lacubus,
1705 2401 1891 2484 aestatibus,
1906 2403 2147 2488 piseationibus:

594 2502 737 2575 volentes
757 2513 796 2574 ut
817 2514 882 2576 tres
904 2508 1048 2576 deitates
1070 2507 1175 2575 locent
1196 2509 1230 2575 in
1252 2509 1315 2576 iam
1336 2508 1422 2576 dem
1440 2509 1565 2575 deserto
1587 2515 1695 2597 preter
1715 2506 1807 2574 villus
1829 2524 1909 2591 quas
1929 2506 2067 2574 Domino
2087 2507 2148 2574 lar·

594 2609 700 2694 pionte
722 2615 872 2695 poterunt
892 2609 1055 2678 collocare.
1099 2610 1144 2677 st
1162 2611 1238 2695 qnia
1259 2609 1456 2694 dispendium
1478 2612 1511 2677 in
1534 2608 1759 2694 temporalibus
1780 2609 1849 2693 peti
1871 2627 1929 2693 pro
1943 2607 2074 2677 cbristo
2089 2628 2149 2677 non

595 2717 779 2798 reputatum
798 2712 867 2780 οἱιιι
888 2731 996 2781 umore
1016 2714 1072 2797 qui
1094 2712 1207 2781 umbra
1227 2731 1338 2780 mantus
1357 2733 1413 2783 sue
1434 2731 1493 2782 nos
1514 2714 1655 2800 protexit
1667 2718 1703 2781 et
1716 2712 1865 2797 protegit,
1887 2712 1921 2779 in
1934 2712 2149 2781 remissionem
2204 2795 2206 2799 ¹

595 2819 796 2901 pcccatorum
828 2821 1009 2884 nostrorum
1040 2813 1230 2883 conterimus
1263 2815 1494 2883 habitatoribus
1527 2815 1692 2883 civitatum
1719 2813 1846 2881 illerum
1874 2823 1908 2882 et
1928 2814 2075 2882 villorum
2103 2815 2150 2881 ius

595 2915 797 2986 'l'eutonicele
814 2916 856 2985 ab
876 2918 963 2986 omni
985 2935 1039 2985 eos
1061 2918 1130 2985 iure
1150 2917 1298 2985 Polonieo
1311 2917 1520 3000 -cxbimendc,
1544 2919 1592 2984 ite
1611 2923 1650 2984 ut
1669 2916 1765 2984 nullis
1792 2917 2079 3001 omniuoangariis
2097 2932 2151 2984 seu

597 3017 757 3088 Polonlcis
790 3019 1068 3090 consuetudinibus
1095 3026 1315 3104 aggraventur,
1345 3020 1441 3089 sicini
1463 3024 1513 3087 est
1539 3038 1657 3104 perron,
1691 3018 1827 3104 prevod,
1860 3019 2013 3103 podvoda
2038 3025 2072 3086 ct
2091 3019 2152 3087 alle

595 3120 696 3190 multe
715 3121 862 3191 Polonice
883 3124 1061 3191 servitutes
1107 3122 1187 3204 Quis
1207 3123 1325 3190 donum
1345 3122 1415 3192 Deo
1437 3123 1586 3193 collatum
1607 3140 1671 3191 non
1692 3121 1819 3207 expedit
1836 3119 1957 3206 legibus
1977 3121 2152 3208 principum

596 3223 766 3308 subiacere,
793 3223 1038 3294 habundantiori
1066 3225 1163 3293 etiam
1189 3224 1314 3294 cautela
1343 3226 1422 3311 ipsis
1450 3223 1682 3293 habitatoribus
1707 3224 1918 3310 providentes,
1945 3225 2090 3300 volumus
2115 3231 2152 3292 ut

595 3343 618 3394 e
637 3325 778 3395 collectis
799 3333 833 3395 et
853 3328 1058 3413 petitionibus
1085 3346 1148 3413 que
1174 3329 1207 3394 in
1236 3326 1424 3413 quibusdam
1450 3329 1544 3395 terris
1570 3327 1662 3411 liunt,
1692 3328 1758 3395 sint
1778 3347 1800 3395 u
1819 3326 1911 3394 nobis
1935 3333 1970 3396 et
1995 3328 2152 3395 anostris

595 3428 733 3514 posteris
750 3428 896 3499 absoluti.
941 3429 989 3497 De
1010 3429 1262 3515 expeditionibus
1295 3435 1402 3498 autem
1432 3448 1494 3515 que
1522 3429 1604 3498 fiunt
1624 3437 1717 3498 extre
1736 3436 1865 3513 terrem
1895 3436 1931 3497 ut
1958 3429 2152 3498 dubitatores

596 3533 737 3602 dusdem
757 3533 875 3602 deserti
898 3533 1105 3602 communiter
1126 3534 1192 3601 sint
1213 3551 1322 3601 omnes
1343 3532 1434 3601 liberi
1449 3533 1679 3619 constituimus.
1709 3532 1747 3598 In
1760 3532 1956 3602 deienssione
1969 3552 2044 3601 vcro
2059 3540 2152 3615 tene,

596 3634 643 3703 bii
663 3637 719 3721 qui
740 3654 867 3704 mansos
885 3637 919 3702 in
941 3634 1031 3704 feodo
1053 3643 1249 3722 recepenmt,
1273 3643 1310 3704 ut
1330 3655 1368 3704 eo
1389 3637 1524 3705 validius
1544 3635 1670 3704 hostilis
1692 3638 1830 3704 incursio
1852 3637 2053 3722 reprimatur,
2083 3635 2154 3721 pnoss

598 3737 677 3823 priis
699 3736 878 3824 sumptibus
907 3737 1017 3806 edesse
1045 3738 1248 3807 tenebuntur:
1284 3738 1474 3806 ludiciorum
1497 3738 1718 3806 nichilominus
1740 3740 1891 3821 omnium,
1912 3746 1950 3807 ut
1963 3739 2068 3808 sstde
2082 3757 2153 3807 con·

596 3839 750 3922 mucione,
772 3841 972 3926 percussione
993 3847 1027 3909 et
1044 3841 1130 3908 omni
1152 3842 1326 3925 questione,
1348 3849 1382 3908 et
1400 3842 1497 3909 etiarn
1518 3843 1633 3927 cupitis
1655 3845 1859 3912 trunceeione
1872 3843 1923 3912 vcl
1936 3844 2152 3940 suspensione,

597 3957 727 4010 suorum
744 3948 873 4011 tantum
895 3944 1055 4011 bominum
1084 3945 1116 4010 in
1147 3943 1191 4011 ibi
1224 3944 1437 4025 existentium,
1471 3943 1578 4011 ubbnti
1611 3943 1760 4027 Lubensi,
1794 3952 1832 4013 ut
1864 3945 1923 4015 hec
1955 3945 2154 4032 exsequenda

557 4041 561 4047 ’
597 4044 750 4114 admon
769 4046 820 4114 eui
841 4047 977 4114 voluerit
998 4045 1149 4128 conferet,
1183 4047 1314 4114 totelem
1347 4047 1500 4113 badimus
1529 4048 1763 4116 auctoritatem.
1807 4048 1841 4116 Si
1868 4066 1942 4116 vero
1970 4049 2011 4116 de
2039 4047 2153 4116 iudicio

600 4146 714 4234 cepitis
734 4155 768 4217 et
789 4149 931 4235 qualibet
945 4168 1058 4234 magna
1077 4150 1243 4234 questione
1264 4148 1360 4220 inerit
1381 4149 1518 4234 placatio
1531 4147 1685 4231 feriende,
1703 4157 1741 4218 ut
1755 4169 1793 4218 eo
1807 4150 1916 4236 pocior
1929 4151 2033 4219 anime
2048 4158 2154 4218 nostre

597 4251 749 4319 memoria
769 4251 935 4335 habeatur,
953 4251 1053 4319 eidem
1074 4251 1184 4320 abbati
1206 4252 1350 4319 totaliter
1369 4251 1577 4319 concedimus.
1623 4250 1658 4319 si
1688 4270 1752 4336 qua
1778 4272 1852 4322 vero
1882 4253 2045 4321 contencio
2073 4253 2154 4320 inter

600 4351 805 4423 Teutonicum
828 4361 861 4422 et
883 4355 1034 4424 Polonum
1058 4361 1130 4422 ortu
1151 4354 1247 4422 iuen‘t
1268 4362 1301 4423 et
1322 4373 1429 4424 coram
1451 4353 1604 4422 advocato
1624 4372 1700 4440 sepe
1721 4354 1798 4422 dieti
1819 4355 1945 4433 obbatis
1960 4374 2023 4423 non
2038 4354 2155 4441 poterit

602 4453 748 4525 diffiniri:
772 4463 810 4525 ut
830 4460 995 4542 utriusque
1016 4460 1175 4526 sententia
1197 4459 1237 4525 ud
1258 4457 1376 4524 nullius
1398 4463 1506 4541 preter
1526 4463 1669 4525 nostram
1697 4457 1892 4527 audientium
1913 4459 2019 4526 venire
2041 4459 2153 4536 velem,

599 4556 633 4626 iu
654 4565 760 4628 csstm
780 4565 887 4629 temen
909 4563 1125 4646 propinquiori
1149 4580 1220 4629 cum
1241 4561 1281 4628 od
1304 4561 1406 4645 ipsum
1427 4562 1670 4645 pervenerimus,
1701 4559 1842 4628 volomus
1875 4559 2074 4629 inviolabiter
2101 4558 2154 4626 ob

598 4663 726 4729 sernum
770 4661 920 4732 Pretereu
942 4663 1119 4731 addidimus
1140 4663 1241 4731 cidem
1262 4663 1443 4746 supradicte
1468 4663 1584 4745 domui,
1615 4654 1763 4731 videlicet
1791 4661 1940 4746 Lubensi,
1968 4682 2040 4731 eum
2070 4660 2154 4729 omni

598 4764 739 4833 utilitate
760 4783 822 4850 que
843 4764 973 4834 deberet
993 4766 1083 4833 nobis
1105 4766 1154 4833 vel
1169 4767 1286 4834 nostris
1307 4764 1539 4833 successoribus
1554 4766 1718 4849 provenire
1739 4771 1897 4834 monetam
1919 4765 2034 4833 habere
2057 4764 2154 4850 speei-

599 4865 691 4935 elem.
735 4866 893 4936 Volumus
915 4868 1024 4949 etiam,
1047 4875 1084 4935 ut
1104 4868 1192 4936 lacus
1213 4875 1247 4936 et
1267 4885 1349 4953 eque
1370 4868 1432 4935 alie
1462 4887 1523 4955 que
1549 4874 1625 4935 sunt
1651 4867 1684 4934 in
1713 4867 1897 4951 supradicto
1924 4869 2096 4948 tonitui-io,
2123 4867 2155 4932 in

598 4987 729 5039 numero
754 4971 969 5054 mensurabili,
1003 4971 1149 5040 videlieet
1177 4973 1273 5040 trium
1300 4972 1421 5040 milium
1448 4989 1627 5038 mansorum
1654 4969 1916 5054 supradictorum,
1946 4971 2035 5039 nullo
2063 4969 2154 5037 modo

599 5070 787 5157 habeantur,
809 5075 866 5142 sed
887 5074 974 5160 pleni
995 5094 1054 5159 per
1074 5093 1110 5141 se
1131 5073 1173 5143 ab
1194 5075 1303 5142 euclem
1325 5073 1418 5141 ‹lomo
1437 5079 1589 5158 perpetuo
1617 5081 1850 5141 conserventur.
1895 5072 1943 5141 Ut
1964 5080 2072 5142 eutem
2099 5072 2155 5137 hee

599 5181 709 5243 nostra
739 5175 868 5245 donatio
900 5177 994 5246 tinne
1023 5184 1057 5245 ct
1083 5176 1271 5243 inviolabilis
1299 5185 1490 5261 perseveret,
1516 5194 1641 5243 omnem
1671 5177 1929 5245 contradictionis
1960 5177 2155 5245 occasionem

598 5275 777 5349 euimeutos
798 5284 976 5367 presentem
997 5278 1143 5365 paginam
1166 5279 1319 5347 conscribi
1341 5277 1471 5348 lecimus
1491 5285 1525 5346 ot
1546 5279 1651 5365 sigillo
1672 5290 1782 5346 nostro
1805 5281 2002 5350 communiri.
2039 5281 2155 5348 Actum
