4574 6240
1980 399 2026 478 81

487 609 693 690 communium
714 606 892 674 litterarum
916 604 1070 689 cautione,
1093 606 1198 674 nullus
1220 605 1337 674 audeat
1363 605 1509 673 retinere.
1553 601 1754 690 Sepulturam
1777 622 1902 688 quoque
1930 602 2029 688 ipsius

488 719 547 793 laci
567 715 698 782 liberam
719 729 788 778 esse
809 709 1013 790 decernimus,
1043 714 1080 775 ut
1105 727 1214 776 comm
1236 707 1394 776 devotioni
1419 713 1454 774 ct
1479 714 1618 775 extreme
1639 707 1795 775 uoluntati
1821 708 1875 790 qui
1902 724 1936 774 se
1964 706 2029 774 illic

488 816 610 909 sepeliri
631 813 884 895 deliberaverint,
911 812 972 878 nisi
996 810 1079 877 torte
1108 812 1367 878 excommunicati
1393 810 1444 877 vel
1470 810 1629 878 interdicti
1654 811 1729 890 sint,
1751 809 1856 876 nullus
1879 810 2028 893 ababa&

489 925 573 997 salva
598 924 703 987 tamen
729 917 852 983 iustitia
876 914 1001 983 illarum
1027 914 1230 981 eeclesiarum
1256 934 1277 983 a
1301 914 1415 998 quibus
1440 919 1633 980 monueram
1659 931 1792 997 corpora
1817 920 2029 980 assumuntur.

488 1028 629 1099 obcunte
651 1039 726 1088 vero
748 1026 791 1101 te,
812 1037 897 1086 nuno
918 1017 1057 1085 ciusdem
1078 1017 1138 1085 loci
1159 1016 1286 1098 abbate,
1308 1018 1358 1084 vel
1380 1023 1506 1084 tuorum
1527 1015 1669 1102 quolibet
1682 1033 1906 1098 successorum,
1921 1016 2029 1084 nullus
2101 1032 2105 1040 ·

488 1126 531 1202 lbi
549 1124 693 1216 qualibet
712 1122 924 1208 subreptionis
945 1122 1066 1190 astutia
1086 1139 1142 1188 seu
1163 1121 1313 1188 violentiis
1334 1126 1535 1207 preponatur,
1555 1120 1615 1186 uisi
1629 1137 1723 1204 qucm
1741 1119 1857 1186 fratres
1872 1121 2030 1189 communi

489 1247 638 1306 ωωοιιειι
655 1227 705 1295 vel
726 1224 860 1293 fratrum
881 1242 955 1310 pars
977 1223 1097 1291 consilii
1118 1225 1261 1306 sanioris,
1277 1225 1448 1291 secuudum
1469 1223 1528 1290 Dei
1550 1222 1693 1290 timorem
1714 1227 1748 1288 et
1768 1222 1853 1288 beati
1867 1221 2030 1291 Benedicti

488 1333 626 1423 mulam
645 1328 841 1418 providerint
861 1327 1048 1413 eligendum.
1091 1326 1297 1395 DecemImus
1318 1345 1403 1411 ergo,
1425 1333 1463 1394 ut
1483 1325 1562 1393 nulli
1583 1325 1709 1392 omuino
1736 1324 1897 1394 bominum
1918 1324 2032 1394 fassit

487 1437 641 1528 prefatum
663 1431 886 1500 monasterium
908 1436 1026 1498 temere
1051 1431 1246 1515 perturbare,
1274 1440 1331 1498 aut
1348 1433 1416 1499 eius
1438 1430 1650 1516 possessiones
1675 1425 1810 1511 aniene,
1833 1430 1884 1496 nel
1906 1430 2031 1498 ablatas

488 1539 633 1618 redama,
653 1535 804 1616 minuere,
825 1551 883 1600 seu
904 1532 1096 1616 quibuslibet
1120 1533 1337 1601 uexationibus
1363 1532 1513 1618 fatigare;
1546 1531 1603 1599 sed
1627 1530 1733 1597 omnia
1758 1530 1882 1615 integra
1907 1549 2032 1599 muser-

489 1647 599 1713 reatu
619 1638 674 1721 eis,
697 1656 755 1722 pro
781 1653 914 1721 quonum
940 1634 1167 1719 gubernatione
1193 1654 1231 1703 ac
1256 1636 1488 1703 sustentadone
1513 1652 1662 1702 concessa
1688 1637 1780 1716 sunt,
1802 1633 1911 1701 usibus
1931 1635 2032 1702 omui·

489 1742 587 1815 modis
606 1739 781 1826 protutura,
802 1738 891 1805 salva
912 1735 1003 1805 Sedis
1029 1738 1200 1822 apostoIIce
1226 1738 1416 1806 auctoritate
1441 1743 1498 1804 aut
1525 1737 1685 1804 diocesani
1710 1737 1849 1822 episcopi
1881 1739 2032 1807 canonica

489 1843 618 1917 iudea
662 1841 713 1909 Ad
733 1840 882 1908 indIcium
901 1847 1009 1909 autem
1030 1841 1124 1908 huius
1145 1862 1166 1908 a
1186 1841 1268 1910 Sede
1297 1841 1469 1926 apostolica
1493 1846 1643 1925 percepta
1664 1839 1868 1925 protectionis
1889 1846 1923 1907 et
1942 1841 2032 1909 auxi·

488 1950 564 2020 lim
584 1944 724 2015 elusdem
746 1943 877 2013 ecclesie
897 1945 1000 2012 sandi
1020 1942 1168 2011 Iohannis
1183 1944 1216 2011 lu
1230 1943 1378 2028 Megylno
1393 1962 1517 2011 summa
1530 1943 1731 2027 persuasione
1745 1942 1831 2009 ducti
1846 1945 2029 2012 statuimus:

489 2051 597 2136 aqua
617 2066 692 2132 ergo
710 2046 744 2114 iu
769 2045 911 2114 futurum
935 2046 1149 2115 ecclesiastiea
1173 2048 1362 2116 secundave
1387 2066 1531 2132 persona,
1557 2046 1638 2114 hauc
1663 2051 1771 2114 nostre
1796 2048 2032 2116 constitutionis

489 2154 632 2241 pagium
653 2151 766 2233 edem,
788 2156 899 2218 eontra
920 2169 991 2218 eam
1013 2157 1130 2218 tenuem
1150 2151 1258 2218 uenire
1278 2151 1491 2235 temptauerit,
1512 2149 1649 2217 secundo
1675 2149 1810 2217 terdom
1833 2152 2031 2234 commonita,

489 2255 548 2325 alsi
572 2259 696 2322 reatum
716 2270 808 2320 suum
829 2252 926 2336 digna
945 2250 1160 2320 sadssaetioue
1181 2254 1366 2335 correxerit,
1392 2254 1561 2337 potestatis
1587 2252 1776 2336 honorisque
1800 2252 1850 2320 sui
1876 2253 2032 2338 dignitate

490 2360 604 2438 carui,
629 2373 780 2440 mamque
805 2371 841 2422 se
869 2354 974 2421 divino
998 2355 1114 2423 iudicio
1142 2356 1278 2422 existere
1307 2355 1348 2423 de
1377 2362 1562 2441 perpetrata
1593 2354 1762 2438 manate
1794 2362 1972 2440 eognoscat,
1997 2363 2033 2425 et

489 2453 747 2529 aeacradaimo-
758 2457 898 2542 Corpore
917 2476 956 2524 ac
976 2456 1136 2542 magone
1153 2457 1214 2525 Dei
1236 2463 1270 2525 et
1291 2458 1417 2525 Domini
1438 2458 1660 2542 Redemptoris
1682 2459 1783 2525 nostri
1802 2457 1897 2526 Ibeau
1912 2459 2032 2528 Christi

488 2561 589 2631 allana
607 2558 675 2643 dat,
695 2566 791 2645 atque
808 2560 843 2628 in
864 2567 1006 2628 extremo
1026 2560 1170 2628 emmine
1190 2560 1296 2627 dimne
1316 2560 1431 2628 ultioni
1451 2560 1623 2628 subiaceat
1654 2558 1784 2628 canetis
1805 2567 1913 2628 auam
1930 2561 2033 2630 eidem

490 2665 556 2734 loeo
576 2681 634 2732 sua
654 2664 725 2731 iura
742 2663 949 2746 semantibus,
971 2665 1015 2731 sit
1034 2683 1098 2748 pax
1118 2663 1246 2731 Domini
1267 2664 1368 2731 nostri
1394 2662 1489 2731 Ibesu
1511 2662 1644 2760 cuna,
1671 2665 1820 2747 quatinus
1842 2670 1876 2731 et
1896 2665 1948 2732 laic
1967 2663 2034 2732 fm-

491 2773 573 2837 etum
594 2767 674 2837 bone
691 2767 824 2834 actiouIs
844 2768 1030 2852 percipiant,
1053 2773 1088 2835 et
1108 2766 1193 2853 apud
1214 2767 1394 2835 districtum
1415 2766 1550 2835 iudicem
1567 2766 1689 2851 premia
1709 2772 1818 2835 eterne
1835 2767 1923 2851 pacis
1947 2768 2034 2848 iure·
2068 2859 2070 2862 Α

491 2870 585 2937 aaut
629 2870 731 2937 Amen
751 2887 845 2937 amen
866 2888 969 2938 amen.

589 2969 658 3057 aaa
679 2971 859 3040 Alexander
878 2973 1032 3041 eatboIIce
1053 2971 1193 3040 EcclesIe
1217 2973 1391 3067 episeopus

538 3150 543 3161 ,
588 3071 698 3159 'sb'go
719 3072 881 3142 Iohannes
895 3074 1060 3160 presbyter
1081 3076 1250 3144 cardiualis
1271 3083 1452 3144 sanctorum
1472 3074 1621 3144 Iohannis
1641 3081 1678 3145 et
1698 3076 1790 3145 Pauli
1813 3076 1900 3145 tituli
1920 3076 2033 3147 Pama·

490 3173 552 3244 cuti
571 3193 614 3245 Ι.
657 3175 764 3263 tho
791 3176 947 3245 Iohannes
973 3178 1139 3265 presbyter
1160 3180 1327 3248 eardInalis
1359 3181 1445 3247 tituli
1476 3186 1585 3247 sancte
1614 3180 1783 3248 Anausis
1814 3173 1870 3248 ss(
1911 3179 1940 3264 †·
1963 3181 2033 3266 Ego

489 3275 642 3347 Iohannes
663 3280 828 3364 presbyter
848 3280 1018 3348 cardinaIIs
1040 3282 1126 3349 tituli
1147 3283 1250 3350 saneti
1271 3282 1370 3350 Marci
1391 3300 1433 3349 ss.
1469 3281 1580 3368 †Fgo
1601 3281 1734 3351 Iacobus
1759 3282 1910 3351 diadem
1932 3284 2034 3352 cardi·

489 3381 569 3449 ndu
589 3388 697 3451 sancta
715 3382 869 3451 Maricio
890 3383 1055 3453 cosmiden
1072 3403 1115 3452 ss.
1157 3386 1180 3469 †
1208 3386 1276 3471 Ego
1301 3385 1425 3453 Arditio
1449 3385 1599 3453 &mnus
1627 3385 1796 3454 cardinalis
1821 3387 1924 3454 sancti
1948 3385 2034 3455 Heo-

490 3482 558 3551 dori
576 3502 620 3552 ss
662 3484 684 3567 †
710 3485 778 3571 Ego
808 3485 973 3555 laborans
997 3487 1146 3556 diaeonus
1172 3488 1339 3556 eammalb
1364 3494 1474 3557 sancte
1499 3488 1602 3555 Marte
1630 3489 1663 3555 in
1685 3487 1814 3556 Portica
1835 3506 1878 3556 ss
1921 3487 2033 3576 †I'go

489 3584 653 3654 Nauius
674 3587 823 3655 mnam
845 3590 1013 3657 mrdindis
1034 3590 1137 3658 sancti
1159 3590 1292 3658 Idmoni
1313 3609 1354 3658 ss.
1393 3589 1504 3675 wgo
1524 3591 1691 3659 Hubaldus
1716 3590 1896 3660 Hostieusis
1913 3592 2034 3677 eptace-

490 3705 548 3770 pua
568 3705 610 3756 sn
652 3689 763 3776 †Ilgo
783 3691 961 3759 Tbeodinus
980 3694 1021 3779 (l)
1038 3693 1222 3761 Portuensis
1248 3700 1283 3761 et
1304 3698 1416 3762 sancte
1439 3693 1560 3761 Kusme
1586 3695 1629 3780 (l)
1649 3695 1814 3780 episeopus
1835 3713 1877 3762 ss.
1921 3693 1943 3777 †
1964 3694 2032 3780 Ego

491 3788 567 3860 teu
588 3793 829 3862 lueculauensis
849 3796 1012 3882 epIseopus
1033 3816 1075 3865 ss
1210 3813 1217 3828 “
1641 3799 1645 3807 ’

590 3894 709 3964 murm
729 3897 881 3966 Laterani
901 3918 959 3983 per
979 3918 1106 3968 manum
1127 3903 1251 3970 alberti
1277 3909 1385 3970 sancte
1410 3902 1552 3970 Romane
1577 3901 1708 3970 ecclesie
1732 3894 1909 3986 presbyteri
1931 3901 2033 3970 cardi·

492 3995 569 4064 nalis
587 4005 621 4066 et
642 4000 819 4068 antellami
838 4001 932 4068 XIIII
953 4002 1113 4071 Kalendas
1135 4005 1217 4087 Iulii,
1237 4005 1412 4073 Indictioue
1432 4003 1504 4086 IIII,
1529 4003 1761 4073 iucarnationis
1775 4006 1930 4074 dominica
1949 4025 2032 4079 anuo

493 4093 760 4186 lucaman,
782 4104 984 4189 pontificatus
1005 4126 1079 4175 vero
1098 4108 1217 4176 domiui
1239 4108 1409 4177 Almandri
1429 4107 1516 4193 Pape
1536 4107 1585 4174 III
1605 4127 1687 4175 anuo
1705 4107 1775 4175 XX

592 4254 762 4343 Megyllae,
791 4261 934 4340 Meridie.

1175 4450 1248 4551 ΝΥ.
1288 4456 1357 4550 25.

583 4643 795 4734 Alexander
811 4648 876 4755 Pp.
893 4648 955 4732 ΙΠ
976 4653 1103 4735 1180
1120 4651 1228 4735 Muri.
1246 4655 1328 4749 28,
1345 4651 1566 4759 ῬυθοιιΙΜΙίς
1589 4672 1754 4742 confirmat
1783 4674 2032 4758 constitutiones,

493 4762 603 4844 quibus
624 4767 803 4837 Kazimm
824 4770 888 4837 dux
909 4770 1059 4841 Poloniae
1080 4773 1233 4858 quosdam
1256 4774 1372 4842 abusus
1393 4777 1434 4846 ab
1456 4778 1587 4845 ecclesia
1608 4776 1757 4846 Poloniae
1778 4778 1963 4847 abstulerat

597 4874 776 4937 &Burcaii
795 4884 851 4938 cte.
874 4880 1013 4941 Annales.
1037 4882 1081 4941 ud
1099 4898 1212 4941 caman
1234 4881 1327 4943 1180.
1372 4882 1570 4964 (Iluaseldecb
1595 4901 1624 4945 a.
1648 4884 1842 4961 Koaeyertera
1873 4885 1942 4946 Cori.
1975 4887 2033 4946 Po·

492 4977 641 5037 manae
661 4978 840 5054 braama.
859 4979 887 5055 s.
909 4978 983 5042 aas.
1027 4983 1190 5056 noeoeane,
1222 4984 1351 5046 naama
1382 4985 1525 5049 mansae
1546 4988 1697 5060 nazarea
1727 4989 1851 5066 aaran
1875 5006 1901 5050 r.
1923 4986 2032 5063 ηπ.)

522 5138 525 5143 ‘
591 5125 767 5216 Alexander
787 5129 952 5214 episcopus
974 5149 1082 5200 servus
1103 5151 1264 5200 servorum
1286 5135 1354 5218 Dei,
1376 5136 1492 5203 dilecto
1513 5136 1578 5205 filio
1592 5137 1689 5205 nobili
1709 5139 1777 5205 uiro
1793 5138 1948 5207 Casimim
1960 5138 2033 5208 duci
2161 5173 2163 5176 ⁴

493 5216 617 5295 I‘olome
648 5230 782 5299 salutem
807 5238 841 5300 ct
868 5235 1075 5318 apostoIIcam
1102 5237 1355 5306 benedictionem
1398 5239 1449 5307 Ex
1480 5247 1573 5324 parta
1606 5247 1660 5309 tue
1686 5242 1912 5325 magnitudinis
1943 5242 2034 5311 uobis

494 5321 623 5398 anum
644 5340 703 5415 eat,
734 5336 818 5418 quial
849 5338 889 5405 de
922 5339 1051 5405 condito
1083 5339 1309 5426 antiepiscopi
1342 5347 1375 5408 et
1405 5343 1621 5428 episcoporum
1646 5344 1779 5413 Poluaie·
1801 5353 1835 5414 ct
1858 5347 2034 5433 principum
