4574 6240
10 655 83 2148 &gffgssssgssssssssffssssss

1882 374 1979 493 ‚aa

403 600 442 669 do
456 588 591 676 bopnicb
612 588 810 671 castellanus,
833 586 1039 669 chanstcbor,
1059 584 1238 670 Stephanus
1251 583 1478 669 Ondroyovich,
1503 581 1667 650 Gebardns
1689 575 1877 650 castellanus
1897 577 1939 647 dc

404 702 530 784 alagon,
552 693 628 760 lvan
649 691 878 774 Sccbmlavicb,
900 691 1058 775 Bogrnlm
1080 690 1257 771 Ivanouich,
1279 688 1441 772 Dimicmy
1460 687 1606 755 tribunus
1627 687 1667 753 dc
1686 685 1786 753 Kalis.
1816 685 1939 752 actum

404 809 452 876 est
471 799 529 867 boo
550 796 581 863 in
605 795 723 880 Glagou
745 795 777 863 in
802 795 910 863 Natali
930 794 1068 874 Domini,
1100 799 1241 876 temporo
1261 812 1323 877 qno
1345 791 1518 877 baptizavit
1538 791 1603 858 dux
1624 789 1818 856 wladizlaus
1839 787 1939 854 filium

404 905 489 978 ducis
499 898 637 981 chrici,
651 919 732 967 anno
744 897 973 972 lncarnacion'na
985 896 1138 965 dominice
1150 895 1294 978 nicom,
1310 901 1451 981 tompore
1461 893 1590 961 Bervini
1600 891 1817 959 Trcbnicensls
1828 909 1939 975 prepo-

404 1008 464 1079 siti
483 1002 628 1087 Quisquis
642 1003 739 1088 igitur
756 1003 815 1070 boc
825 1001 994 1086 infringere
1015 1003 1230 1086 temptaverit,
1252 1001 1443 1069 anctoritate
1458 997 1576 1065 domini
1594 994 1724 1063 chn‘ci
1745 992 1874 1063 Polonic
1888 1013 1940 1062 ar·
2050 1021 2054 1031 ·

404 1104 588 1193 cbicpiscopi
607 1111 641 1174 et
658 1105 795 1174 omnium
815 1105 1031 1192 episcoporum
1052 1103 1384 1172 excommunicacionis
1405 1100 1565 1171 sentencia
1582 1098 1756 1167 merebitur
1775 1096 1939 1165 mandari.

502 1309 665 1395 lbebnich,
690 1314 861 1378 Tnebaica
893 1310 1058 1397 Pyscbino,
1082 1315 1246 1392 Ppszczpa
1265 1270 1477 1391 bratostom,
1497 1312 1691 1373 Braclszemo.
1729 1304 1876 1380 Castum
1896 1323 1940 1370 aa

403 1420 441 1489 de
460 1413 620 1498 Gniezno,
653 1415 747 1498 salop
763 1426 792 1482 to
813 1416 893 1498 prid
911 1419 990 1481 laios
1010 1436 1037 1478 aa
1051 1415 1167 1480 o'roczos
1187 1418 1253 1479 aad
1265 1419 1412 1493 seriorem
1433 1415 1564 1478 Jctoaea.
1599 1408 1720 1495 Syrcha
1739 1406 1826 1476 bum.
1844 1428 1940 1490 pray-

399 1527 479 1608 ρων
498 1539 545 1585 rz.
573 1521 690 1585 Webao.
709 1519 824 1603 Magna
844 1537 937 1603 aqna,
957 1541 1004 1585 η.
1034 1520 1149 1583 Wetna.
1171 1516 1379 1600 Lnbusensis,
1401 1521 1439 1583 de
1460 1519 1587 1598 Ladae,
1609 1515 1813 1580 znlemieclcc
1833 1513 1938 1579 deduc

298 1640 301 1647 '
402 1621 514 1706 babes,
532 1624 655 1711 dubios,
677 1645 695 1689 2
715 1628 803 1691 aleon
824 1625 949 1692 [abac.
971 1620 1121 1707 Legmcn,
1144 1621 1279 1703 Lipnica
1300 1618 1432 1706 Gngov,
1460 1623 1609 1703 Glopowa

976 1975 979 1980 -
1041 1994 1045 2002 .
1075 1919 1149 2008 Nn.
1183 1919 1252 2008 65.

501 2117 732 2205 wladislaus
759 2120 892 2206 ildonis
917 2119 972 2206 ill
999 2122 1077 2204 dux
1104 2121 1148 2203 da
1174 2117 1286 2201 Kalis
1311 2121 1451 2200 1209
1479 2139 1508 2202 a
1536 2117 1571 2200 d
1598 2115 1641 2199 in
1669 2113 1833 2219 elegam
1867 2151 1941 2201 aon·

399 2240 461 2312 lert
479 2241 670 2310 monasterio
690 2242 731 2310 de
748 2240 867 2329 Lnbipt
888 2241 995 2310 villam
1016 2241 1198 2326 Lnbogoscz
1221 2259 1292 2308 cum
1313 2246 1405 2325 parta
1423 2239 1513 2306 lacus
1533 2239 1574 2306 de
1595 2235 1708 2306 Slawa

500 2347 630 2426 Pcrpom
650 2351 765 2428 ornam
791 2368 813 2411 u
832 2345 956 2428 ktdreao
984 2349 1211 2428 prepoteszono
1232 2353 1335 2426 czterp
1351 2348 1513 2430 pieczqcle.
1543 2344 1623 2407 isso,
1640 2345 1769 2430 wlfino
1787 2345 1940 2423 podlapo-

399 2456 478 2514 nato
497 2468 540 2513 na
553 2452 709 2529 jedwoblaa
722 2470 865 2518 ammom
883 2453 1088 2532 przedstam'a
1109 2452 1246 2529 Balciam
1267 2452 1431 2525 narrante,
1448 2450 1554 2527 napa:
1576 2444 1754 2530 sigila...
1776 2443 1818 2511 Di
1832 2495 1862 2512 ..
1880 2442 1941 2514 Po-

399 2551 574 2620 mensis
592 2551 748 2638 Episcopi.
788 2555 850 2634 290
869 2553 974 2620 rdwno
994 2575 1014 2617 z
1031 2556 1222 2639 poprzedntp
1242 2571 1286 2616 aa
1306 2554 1427 2617 niclocb
1441 2553 1594 2630 jedwoba.
1616 2568 1761 2616 czerwon.
1781 2552 1941 2631 prudato·

398 2660 456 2750 aab
476 2659 614 2737 Blslcapo
633 2663 804 2745 stojqcepoc
836 2663 942 2739 napa:
963 2655 995 2724 S.
1017 2655 1252 2741 Arclniepiscopi
1273 2654 1468 2723 Gneanensis
1488 2651 1629 2721 Henricl
1664 2655 1737 2718 delo
1756 2673 1800 2719 aa
1819 2656 1941 2718 addocti

393 2761 539 2842 samba.
554 2765 659 2828 neon.
674 2763 779 2828 Odono
791 2766 914 2850 deiecto,
926 2761 1076 2848 (pampo
1093 2760 1161 2845 Ν.)
1175 2763 1217 2824 lo
1227 2762 1383 2840 maiejszo,
1394 2761 1675 2839 praeponamne
1685 2759 1940 2835 alciacbjedmnb.

399 2881 541 2930 eam.
573 2868 778 2945 ancarana
809 2868 937 2946 occupa
968 2885 1011 2930 aa
1043 2869 1156 2946 troam
1192 2868 1298 2945 napo.-
1337 2860 1370 2930 s.
1392 2859 1556 2929 humaui
1586 2858 1638 2943 lli.
1661 2858 1737 2927 Gra
1773 2858 1940 2927 wardon·
1987 2850 1989 2855 ’

398 2964 512 3035 penna
533 2965 605 3051 Epi
827 3035 831 3043 ,
915 2996 920 3005 ·

507 3070 667 3137 Wrootan.
689 3075 808 3153 Korsiai.
839 3074 945 3137 &cols
965 3073 1056 3137 Areia
1078 3072 1196 3136 leuba
1216 3067 1284 3135 tsi·
1317 3070 1481 3154 (Mamaea,
1510 3067 1711 3135 Wodomoici
1726 3089 1761 3150 p.
1781 3063 1814 3136 ὅ.
1843 3069 1966 3167 Wadi-¹

318 3168 320 3172 ’
398 3171 1154 3258 moercaatssscamzeaasnma).
1275 3191 1279 3199 ·

498 3376 750 3447 commendabile
767 3386 802 3448 st
819 3381 1029 3448 necmsarium
1051 3386 1101 3448 est
1119 3380 1275 3465 scripture
1297 3378 1520 3461 testimoninm,
1554 3397 1651 3463 quum
1673 3377 1838 3446 oblivionis
1859 3377 1942 3446 redi·

220 3542 226 3563 ,
267 3471 272 3481 ’
398 3495 484 3548 mens
505 3479 745 3564 detrimentum,
777 3484 930 3568 preterita
960 3488 1120 3568 tamqnam
1149 3483 1310 3569 presencia
1339 3481 1587 3567 incommutabili
1623 3480 1765 3567 loquitur
1797 3481 1941 3549 verimte

312 3665 317 3672 Ι
397 3579 444 3649 sa
456 3589 586 3670 propter
599 3604 657 3671 ego
677 3585 889 3653 Wladizlavm
912 3586 1030 3656 Odonis
1052 3587 1135 3655 lilius
1157 3588 1220 3654 dux
1242 3586 1282 3654 de
1294 3586 1385 3652 Kalis
1399 3585 1459 3652 Dei
1477 3585 1591 3670 gracia
1607 3603 1647 3652 nc
1660 3584 1848 3671 procedente
1862 3592 1941 3653 tem·

397 3699 472 3766 poss
492 3684 648 3783 subripiat
668 3687 798 3771 oblivio,
830 3690 985 3774 scripture
1013 3690 1142 3775 dignum
1163 3690 1239 3757 duxi
1259 3688 1477 3757 commendare
1497 3688 1677 3779 testimonio
1711 3688 1865 3772 presentis
1886 3707 1943 3773 pa·

396 3783 467 3868 sino
486 3789 606 3874 scripta
626 3790 816 3859 intuentium
834 3790 1000 3860 notificans
1022 3793 1230 3875 universitati,
1253 3792 1400 3877 qnoniam
1422 3810 1518 3860 causa
1536 3791 1650 3858 amuda
1663 3791 1778 3874 anime,
1798 3797 1941 3861 materne
2018 3813 2023 3822 ·

397 3887 524 3958 ooelesie
554 3891 646 3974 beate
666 3893 769 3962 biario
800 3896 835 3962 in
861 3888 987 3963 Lnbens
1009 3902 1043 3964 et
1064 3897 1131 3965 eius
1145 3897 1369 3987 ,nicanorem
1400 3894 1509 3962 nsibns
1551 3894 1660 3961 villam
1691 3891 1878 3981 Lnbogoscb
1908 3903 1943 3964 et

397 3988 462 4059 dns
482 3992 629 4063 heredem
649 3995 775 4065 -Wrocis
797 4016 868 4065 cnm
889 3998 1011 4068 dnobus
1032 4000 1100 4068 eins
1121 4000 1209 4084 liliis,
1228 4007 1266 4067 nt
1285 4000 1351 4068 sint
1372 3996 1547 4081 melliiioas,
1569 3997 1760 4067 hereditario
1780 3999 1849 4067 iure
1870 4018 1942 4085 pos-

396 4092 556 4165 addendam
574 4098 634 4167 snb
654 4099 770 4169 abbate
788 4100 932 4171 Guntero
953 4104 1021 4170 viro
1042 4104 1162 4188 ydoneo
1184 4109 1217 4171 et
1237 4102 1278 4169 ad
1298 4103 1367 4170 eins
1386 4101 1572 4186 peticionem
1594 4101 1779 4185 concedens,
1809 4103 1942 4188 perben-

396 4194 477 4265 niter
496 4201 629 4269 attribui
651 4222 722 4271 cum
742 4204 909 4273 mellificiis
930 4212 963 4274 et
977 4206 1049 4273 lacu
1063 4206 1188 4274 nomine
1201 4206 1340 4287 Tochno,
1362 4211 1397 4273 et
1416 4205 1477 4271 laci
1499 4204 1631 4272 alterius
1651 4206 1820 4274 medietate
1841 4206 1942 4275 eidem

282 4328 286 4336 ·
396 4296 468 4367 ville
488 4305 666 4388 pertinente
687 4307 776 4374 coins
796 4300 860 4376 laci
880 4308 1065 4376 vocabulum
1086 4316 1136 4376 est
1156 4308 1351 4390 blademario,
1377 4313 1412 4374 et
1433 4325 1504 4374 cnm
1522 4308 1677 4375 universis
1697 4314 1869 4378 memorate
1887 4309 1942 4379 be·

397 4399 539 4472 rsditatis
560 4407 770 4491 appendiciis,
806 4415 841 4477 et
860 4412 967 4478 venari
989 4430 1052 4479 non
1074 4412 1262 4479 contradico.
1307 4411 1358 4478 Ad
1390 4410 1482 4477 buius
1504 4411 1636 4496 lampii
1658 4411 1942 4482 corroborationem

396 4505 574 4585 peninonii
589 4511 762 4595 sigillorum
777 4512 911 4583 adhibeo
926 4515 1108 4597 munimina,
1128 4521 1161 4582 et
1183 4514 1310 4583 testium
1332 4513 1538 4599 ydoneornm,
1560 4533 1659 4598 quum
1676 4515 1711 4583 in
1732 4515 1871 4600 ipsorum
1892 4522 1943 4583 est

321 4647 338 4666 ·
396 4610 500 4676 wtum
520 4618 555 4679 et
575 4612 740 4681 budatum
761 4617 930 4701 presentia,
950 4616 1073 4684 ascribo
1093 4617 1233 4685 nomina:
1270 4616 1335 4685 dux
1354 4616 1484 4685 Polonie
1504 4615 1733 4701 wladizlavus,
1754 4618 1818 4686 dnx
1840 4618 1943 4688 Zlesie

398 4702 564 4798 Henricns,
596 4714 760 4786 Conradm
782 4720 912 4788 Henrici
932 4721 1017 4787 lilius
1037 4726 1070 4788 et
1092 4720 1247 4787 chricus
1269 4720 1408 4787 eiusdem
1428 4719 1558 4789 Henrici
1580 4721 1686 4788 iunior
1705 4721 1804 4806 filins,
1826 4721 1942 4808 Lypol·

398 4811 448 4877 tos
469 4813 621 4902 Sbyzlave
641 4820 743 4905 filius,
763 4822 931 4909 Sbyzlava,
954 4825 1053 4893 Lucia
1074 4844 1153 4892 uxor
1175 4823 1379 4907 wladizlaus,
1402 4823 1523 4908 Edviga
1543 4843 1623 4892 uxor
1644 4825 1788 4908 Raurici,
1820 4825 1942 4894 archie-

396 4911 538 5002 biscopus
567 4922 739 5010 Henricns,
773 4927 932 4995 Amoldns
960 4928 1183 4995 Poznaniensis
1211 4927 1392 5012 episcopus,
1424 4925 1615 4994 Laurentius
1642 4928 1746 4996 Zlcaie
1766 4928 1940 5015 episcopus,

399 5008 586 5092 lamecum
608 5025 801 5097 Lubusensis
822 5031 1001 5116 episcopus,
1029 5030 1191 5097 Gnnterns
1212 5029 1309 5097 abbas
1329 5029 1369 5097 de
1390 5027 1510 5114 bobes,
1531 5030 1717 5099 Vincentius
1739 5031 1941 5115 cancelarins,

264 5191 268 5199 .
398 5109 499 5187 Wlud·
520 5124 596 5215 (sic)
617 5127 776 5218 Sandivoy
798 5132 898 5201 irater
917 5134 995 5216 eins,
1017 5133 1075 5200 Ian
1093 5131 1267 5214 lanoovicb,
1288 5132 1407 5201 Potrek
1423 5131 1613 5216 Gesslavicb,
1635 5132 1813 5218 Stephanus
1828 5134 1942 5203 dele·

397 5219 489 5298 luith
510 5231 714 5318 testebanus,
737 5235 945 5319 chanstobor,
967 5234 1147 5321 Stephanus
1168 5235 1400 5320 Androyouicb,
1422 5234 1587 5303 Gebardus
1599 5236 1639 5303 dc
1656 5237 1778 5321 Glagoa
1796 5237 1941 5307 castella·

399 5333 467 5410 3¹⁰³.
489 5326 566 5399 lusu
586 5332 817 5423 Secbezlavicb,
839 5339 997 5426 Bomrnlav
1019 5339 1197 5423 luanovicb,
1218 5340 1389 5426 Dymicray
1409 5339 1553 5407 tmbunns
1574 5339 1614 5427 de
1634 5339 1725 5408 liulis
1758 5341 1873 5410 actam
1891 5349 1942 5410 est
2047 5399 2049 5403 .
