4574 6240
97 3709 133 4189 ·'·??ss¹?

96 2594 112 2611 ⁸

263 3067 267 3093 -
261 2693 273 3029 ‘vm-e·-

97 3094 123 3142 ιι

97 3187 124 3246 te

97 3298 124 3363 ι,

97 3386 126 3450 et

97 3501 128 3552 ns

97 3591 130 3654 st

1950 351 1998 424 st

461 555 615 639 adimus
636 558 670 620 et
690 552 853 620 literarum
875 553 1008 621 sdentio
1028 557 1062 619 et
1082 570 1205 619 morum
1227 552 1392 620 honestate
1410 552 1583 637 preclaros:
1605 558 1643 620 ιιι
1660 552 1701 619 nd
1719 552 1880 621 ιΙιιιιιιιι
1894 552 2001 637 sponsi

460 657 589 732 assistat
610 654 643 722 in
661 656 778 722 vestitu
798 656 950 724 deaurato
972 656 1205 724 circumundcta
1224 656 1376 724 ιιιὶιιιιι
1396 656 1514 739 regium,
1536 655 1587 723 cui
1601 661 1773 723 nuscuntur
1786 674 1844 741 pro
1856 655 2001 741 patribus

460 760 517 832 dlii
534 758 568 826 iu
589 759 746 843 principes
764 760 933 827 statuendi.
976 758 1146 844 Sperantes
1171 758 1269 844 igitur
1296 758 1380 845 quod
1408 758 1541 826 dilectus
1567 758 1650 826 iilius
1671 757 1749 826 Otto
1770 777 1867 843 nepos
1888 759 2002 829 nobilis

460 862 520 934 viri
539 911 548 928 .
570 911 579 929 .
601 862 690 930 ducis
711 863 848 945 Polonie,
870 863 922 931 cui
942 864 1061 931 etrite
1081 863 1230 930 honestas
1250 869 1284 930 et
1305 864 1467 930 literarum
1487 862 1619 930 suenus
1639 861 1838 946 suffragatur,
1859 863 1899 931 dc
1920 864 2002 932 bono

461 971 494 1038 in
513 964 625 1034 melius
646 963 797 1049 prolicere
820 965 934 1033 debent
953 971 987 1034 ct
1011 965 1151 1033 Ecclesie
1172 966 1231 1033 Dei
1257 967 1378 1035 utiliter
1406 965 1571 1048 deservire,
1593 966 1696 1051 ipsum
1720 966 1754 1032 in
1778 965 2003 1035 subdiaconum
2070 1035 2073 1042 ,

460 1071 605 1142 duximus
626 1068 832 1137 ordinandum
854 1069 977 1136 firmam
997 1075 1142 1154 gerentes
1163 1070 1323 1151 fiduciam,
1350 1069 1434 1154 quod
1459 1087 1524 1135 oon
1551 1069 1656 1138 minus
1676 1069 1815 1137 ecclesiis
1835 1069 2003 1154 inquibus

460 1173 632 1246 obtinuerit
653 1171 802 1239 beneficia
822 1173 856 1239 in
876 1172 975 1257 ipsius
998 1191 1132 1258 persone
1151 1173 1269 1257 poterit
1293 1171 1465 1256 provideri,
1494 1191 1590 1257 quum
1611 1172 1645 1239 in
1665 1172 1804 1240 eeclesiis
1824 1170 1921 1240 luerit
1941 1172 2003 1257 ipsi

460 1275 628 1368 provisum.
658 1273 786 1357 Verum,
809 1276 885 1359 quie
905 1275 1021 1342 bonum
1043 1275 1247 1360 semiplenum
1268 1275 1393 1341 videtur
1414 1276 1498 1359 quod
1519 1277 1588 1344 sine
1607 1275 1782 1343 adiectione
1803 1276 2002 1360 relinquitur,

460 1379 595 1469 gratim
616 1395 711 1462 super
730 1378 867 1462 gratim
887 1375 990 1445 lacere
1010 1377 1072 1461 ipsi
1090 1377 1130 1444 de
1150 1378 1320 1462 apostolice
1347 1378 1437 1449 Sedis
1463 1379 1656 1465 benignitate
1680 1378 1830 1461 volentes,
1851 1379 2003 1446 universi·

461 1488 559 1554 utem
579 1485 716 1549 vestram
737 1480 909 1565 rogandam
930 1480 1076 1548 duximus
1096 1480 1250 1548 attentius
1271 1487 1304 1550 et
1325 1484 1511 1550 monendam
1526 1503 1583 1569 per
1596 1483 1770 1568 apostolico
1782 1481 1871 1550 vobis
1885 1483 2004 1567 scripto

461 1584 656 1668 amemus
677 1590 834 1669 quotenus
854 1604 913 1671 pro
933 1585 1108 1652 reverentis
1129 1585 1300 1670 apostolice
1312 1585 1402 1654 Sedis
1417 1593 1451 1655 ct
1464 1593 1574 1654 nostro
1587 1585 1617 1653 ei
1630 1584 1860 1670 preposituram
1874 1585 2003 1654 ecclesie

460 1694 573 1771 voetre,
590 1693 666 1756 onte
683 1689 910 1773 promotionem
931 1706 1020 1755 suam
1042 1686 1216 1756 obtinuisse
1230 1689 1432 1774 dignoscitur,
1454 1689 1627 1758 liberaliter
1640 1688 1807 1757 conferatis
1820 1688 2003 1757 mandatum

459 1791 665 1880 apostolicum
686 1791 794 1858 taliter
814 1795 1016 1876 exequentes
1036 1796 1074 1858 ut
1093 1789 1177 1858 idem
1198 1793 1253 1876 qui
1274 1794 1404 1862 ecclesie
1429 1798 1534 1861 vestre
1559 1792 1678 1877 poterit
1699 1792 1833 1860 existere
1853 1810 1917 1858 non
1937 1810 2004 1859 mo·
2114 1813 2115 1817 ¹

459 1896 565 1966 dmm
584 1892 774 1977 fructmsus,
799 1893 840 1961 nd
866 1895 1006 1960 omnium
1036 1898 1070 1960 et
1097 1893 1291 1977 singulorum
1318 1896 1517 1965 dilectionem
1544 1895 1659 1964 lortius
1687 1893 1853 1978 obligetur,
1876 1900 1912 1962 et
1935 1913 2004 1978 nos,

460 1998 515 2086 qui
536 1996 669 2065 eundem
686 1997 810 2064 sincera
829 1994 989 2080 diligimus
1009 1995 1043 2063 iu
1063 1993 1199 2063 Domino
1220 1997 1370 2082 cantate,
1397 2005 1488 2066 tante
1510 1998 1598 2068 vobis
1617 1997 1750 2084 gratiori
1774 2001 1938 2066 teneamur
1957 1997 2004 2064 vi·

461 2099 643 2173 desitudine
662 2098 861 2184 respondere,
890 2103 1092 2184 quantenus
1117 2099 1297 2167 noverimus
1321 2120 1343 2168 ι
1367 2101 1456 2169 vobis
1479 2101 1641 2170 liberalius
1668 2099 1842 2170 exauditos.
1885 2099 2004 2169 Datum

461 2205 560 2276 sonu
575 2202 660 2291 apud
680 2208 826 2273 ιιιιιιιιιι
845 2201 976 2272 Petrum
996 2208 1087 2272 sexto
1108 2197 1184 2269 Idus
1206 2199 1353 2289 bnuard,
1376 2223 1460 2274 anno
1480 2223 1573 2273 nono.

1143 2501 1218 2589 Nr.
1249 2499 1321 2589 54.

567 2698 807 2786 Innocentius
840 2698 904 2804 Pp.
929 2697 995 2782 111
1021 2703 1158 2782 1207
1185 2698 1269 2784 Jan
1296 2703 1340 2801 8,
1364 2701 1477 2785 Rome
1502 2702 1658 2806 apuds.
1683 2700 1852 2803 Petrum,
1875 2716 2007 2784 manns

463 2821 695 2907 ucuiepucopo
716 2826 750 2889 et
772 2818 919 2905 dapibulo
939 2819 1211 2906 Magdebnrgensi,
1242 2821 1391 2890 Ottonem
1412 2829 1558 2907 nepotem
1579 2821 1668 2891 ducis
1688 2819 1849 2904 Poloniae,
1870 2818 2006 2888 emanci-
2052 2860 2054 2864 .

462 2924 613 3013 potum,
603 2945 637 2991 m
658 2925 841 2993 canonicum
866 2923 1030 3008 recipiant

565 3028 741 3111 nemim
760 3036 791 3094 et
811 3031 854 3116 ds
879 3029 971 3093 riou.
1005 3029 1186 3167 diplomata,
1211 3031 1336 3095 ctoriae
1356 3037 1412 3096 etc.
1434 3033 1484 3113 11,
1502 3050 1537 3111 p.
1559 2974 1655 3094 1626.

566 3233 861 3319 &archiepiscopo
882 3237 947 3299 et.
970 3230 1120 3299 .decano
1141 3238 1175 3300 et
1197 3231 1343 3318 capitulo
1357 3233 1688 3320 Magdebmgensibus
1710 3176 2008 3317 Significavit'nobis

315 3392 318 3400 .
464 3338 596 3406 ddecbrs
612 3336 696 3405 tilius
717 3335 794 3403 Otto
815 3351 914 3418 nepos
934 3332 1048 3401 nobilis
1069 3334 1130 3401 viri
1151 3384 1160 3401 .
1184 3386 1192 3402 .
1218 3335 1307 3403 ducis
1329 3336 1459 3406 Polonie
1487 3337 1697 3406 subdiaconus
1722 3341 1840 3418 noster,
1861 3334 1946 3420 qnod
1967 3335 2008 3403 de

465 3440 687 3509 consuetudine
708 3439 813 3505 nullus
834 3438 868 3504 in
882 3435 1014 3505 ecclesie
1033 3443 1148 3520 vestra,
1163 3439 1345 3524 priusquam
1359 3441 1583 3526 emancipetur,
1601 3446 1709 3526 potest
1722 3439 1851 3508 stallum
1863 3439 1898 3505 in
1912 3438 2007 3506 choro

465 3549 499 3612 et
517 3544 621 3612 locum
641 3544 675 3610 in
697 3541 844 3628 capitulo
865 3539 1017 3608 obtinere
1062 3540 1142 3608 Cum
1171 3541 1268 3627 igitur
1297 3562 1354 3610 nos
1375 3544 1478 3628 ipsum
1495 3545 1537 3611 in*
1550 3544 1774 3613 subdiaconum
1795 3542 1924 3610 ecclesie
1944 3541 2008 3610 Ro-

465 3664 556 3714 mene
575 3646 756 3714 timuimus
774 3642 1006 3724 assumendum,
1027 3649 1061 3711 et
1081 3643 1228 3712 indecens
1249 3653 1334 3713 esset
1354 3665 1427 3714 cum
1449 3653 1599 3732 tanquam
1620 3637 1684 3714 non
1699 3646 1929 3730 emancipatum
1943 3644 2009 3730 pri·

465 3765 538 3816 vare
558 3748 718 3833 predictis,
746 3747 934 3815 auctoritate
962 3746 1133 3829 apostolice
1161 3747 1251 3815 Sedis
1276 3748 1423 3817 duximus
1448 3750 1706 3836 emancipandum
1731 3748 1883 3817 eumdem.
1927 3747 2009 3829 Quo-

466 3850 549 3920 ciret
566 3850 765 3919 universitati
785 3855 889 3918 vestre
909 3868 966 3932 per
986 3851 1160 3934 apostolice
1181 3851 1299 3936 scripta
1319 3853 1513 3936 mundamus,
1535 3853 1719 3939 quotenus
1709 3871 1813 3938 ipsum
1831 3852 2008 3936 emancipe·

466 3957 533 4020 bum
553 3953 717 4036 hebentes,
741 3954 883 4039 predicta
905 3953 935 4021 ei
960 3953 1078 4022 curetis
1102 3953 1246 4023 hilariter
1274 3955 1445 4040 ιιιὶςιιιιι
1490 3957 1610 4024 Datum
1632 3957 1732 4024 Βοιιιι
1759 3955 1844 4040 opud
1864 3959 2009 4081 emotum

467 4053 594 4124 Petrum
615 4062 704 4125 sexto
726 4055 801 4125 Idus
820 4056 967 4140 Ianuarii,
989 4074 1072 4125 anno
1094 4076 1187 4125 none

1149 4373 1223 4460 Nr.
1254 4372 1324 4460 55.

568 4564 808 4652 hnoeontius
834 4567 898 4673 Pp.
924 4568 989 4653 111
1015 4574 1153 4654 1207
1179 4569 1263 4655 Jan.
1289 4573 1333 4671 8,
1358 4573 1471 4656 Ειιιι
1488 4573 1587 4677 opud
1613 4595 1642 4655 s.
1659 4571 1825 4677 Petrum
1850 4590 2011 4659 interdicit

470 4685 699 4774 archiepiscopo
720 4688 897 4757 Gnmnensi
916 4696 950 4758 et
969 4690 1173 4776 suffraganeis
1193 4694 1271 4774 eius,
1289 4713 1329 4761 ne
1351 4695 1475 4779 publice
1497 4700 1646 4762 oneratos
1664 4694 1836 4762 admittant
1853 4692 1895 4762 sd
1911 4692 2010 4762 eccle·

471 4786 612 4861 ιὶιιιίιιι
632 4792 812 4877 dignitates,
833 4793 988 4878 simtdque
1006 4795 1145 4878 mandat,
1167 4796 1302 4863 ludibrio
1321 4796 1447 4881 publica
1464 4800 1498 4865 in
1518 4797 1657 4866 eedssi‘m
1679 4796 1846 4883 extirpent

569 4895 744 4980 nepem
764 4906 793 4964 ct
813 4901 856 4962 du
880 4900 970 4964 Tbeil
1004 4903 1182 4984 lliplomnto,
1205 4905 1328 4967 ctoriae
1348 4910 1406 4968 etc.
1430 4905 1480 4986 II,
1498 4923 1533 4983 p.
1554 4903 1650 4968 1037.

570 5149 579 5167 .
603 5150 612 5168 .
635 5100 811 5170 Gneunensi
833 5103 1066 5190 archiepiscopo
1093 5109 1126 5172 ct
1147 5104 1354 5189 suffragancis
1374 5106 1452 5174 eius.
1490 5104 1571 5174 Cum
1591 5107 1734 5176 decorem
1754 5104 1865 5175 domus
1883 5105 2011 5174 Domini

472 5200 505 5262 et
523 5197 625 5272 locum
647 5204 840 5274 tabernacdi
860 5206 960 5291 glorie
979 5226 1036 5275 suc
1057 5207 1186 5294 diligere
1207 5227 1262 5275 vos
1284 5215 1439 5294 operteat,
1459 5217 1607 5278 accurata
1624 5210 1712 5278 vobis
1733 5215 1783 5277 est
1800 5209 2010 5280 sollicitudine

475 5308 708 5394 ptoeavendum,
729 5331 768 5380 nn
788 5311 822 5377 in
844 5311 1017 5378 oomnissis
1038 5311 1126 5379 vobis
1147 5313 1285 5381 ecclesiis
1307 5312 1364 5381 illu
1384 5319 1502 5380 temere
1520 5319 1750 5398 presumuntur,
1770 5331 1832 5398 quc
1851 5312 1902 5382 vel
1915 5314 1950 5380 in
1965 5315 2010 5381 eis

1482 5554 1488 5567 ι
1545 5509 1572 5549 ὀ
1836 5431 1857 5489 8
