4574 6240
137 1635 181 3017 g'fiFffiqssgssssss'sssso-ffn

137 3053 181 3120 'tn-

137 3153 183 3222 sis

137 4709 219 5273 {333}ss
137 3788 208 4657 553'4·3²a{b·ss

1993 287 2154 360 49·

495 467 582 577 tntis,
604 498 643 559 ut
662 509 733 559 eum
755 491 823 575 ipso
838 462 1053 573 evangelizent
1065 493 1100 556 et
1115 487 1279 573 baptizent
1299 488 1369 556 illus
1391 487 1446 574 qui
1460 488 1635 572 receperint
1648 485 1790 554 Verbum
1811 485 1881 569 Dei,
1903 490 2046 553 mortuos

464 626 470 637 ·
494 614 618 688 quoque
639 593 802 678 sepeliunt,
826 599 860 659 et
880 593 993 659 missas
1015 592 1048 657 in
1070 591 1148 658 loeis
1165 592 1197 656 in
1219 592 1334 675 quibus
1356 591 1503 675 expedire
1525 590 1742 674 cognoverint,
1765 589 1923 656 eelebrent
1943 588 2046 673 bapti·

493 700 582 772 retis
617 695 728 763 Liceat
759 696 857 763 etiam
889 694 1109 761 nichilominus
1139 693 1247 761 abbati
1281 695 1422 779 predicto
1455 693 1664 778 penitentium
1694 691 1904 758 confessiones
1925 690 2045 772 audire,

494 803 617 886 illisque
637 798 865 866 relaxationem
886 798 1027 882 aliquam
1049 797 1263 880 peccaminum
1279 797 1449 880 indulgere,
1473 797 1527 879 qui
1542 794 1584 862 ad
1597 794 1806 861 ministerium
1830 793 2047 878 suprudictnm

494 907 533 976 (le
553 901 646 970 eorde
668 919 747 985 puro
769 907 804 968 et
825 901 1016 967 conscientia
1037 899 1121 967 bona
1153 901 1333 967 curaverint
1354 901 1506 967 auxilium
1529 897 1700 982 impertiri3
1733 896 1947 980 possessiones
1968 897 2063 981 quo,

494 1025 564 1095 qne,
586 1004 641 1090 pic
661 1002 854 1069 liberalitate
874 1003 1008 1068 donatos
1029 1003 1070 1069 ad
1092 1001 1307 1069 redimendum
1328 1001 1437 1069 fideles
1458 1001 1498 1067 de
1519 998 1664 1066 manibus
1678 1015 1881 1082 paganorum,
1903 999 2047 1081 personis

496 1109 614 1181 idoneis
636 1106 832 1174 committere
854 1104 1085 1189 procurondns3
1123 1123 1203 1190 quas
1235 1103 1367 1169 diminui
1388 1103 1439 1170 vel
1461 1102 1571 1170 auderi
1593 1101 1653 1168 cub
1674 1100 1885 1167 anathematis
1905 1100 2049 1167 intermi-

495 1211 622 1282 nstlone
643 1213 795 1274 vetamus.
834 1205 987 1286 Quocirca
1007 1206 1245 1273 universitatem
1268 1212 1406 1272 vestram
1429 1223 1591 1273 monemus
1612 1210 1646 1271 et
1668 1202 1872 1270 exhortamur
1891 1201 2047 1268 attentius

495 1332 551 1402 per
571 1309 745 1396 apostoliea
765 1308 885 1392 scripta
905 1309 1106 1389 mundantes,
1144 1314 1302 1391 quatenus
1335 1308 1375 1374 ad
1409 1309 1469 1375 hoc
1499 1308 1586 1392 pium
1615 1306 1766 1373 habentes
1788 1325 1859 1372 eum
1882 1304 2048 1372 devotione

496 1417 685 1505 respectum,
723 1410 912 1494 impendatis
934 1410 963 1477 ei
985 1411 1148 1478 consilinm
1170 1416 1204 1478 et
1224 1411 1376 1478 auxilium
1398 1417 1619 1496 opportunum.
1660 1409 1780 1475 Dolum
1812 1407 1964 1474 Laterum
1984 1405 2048 1474 Vll

496 1513 653 1587 Kalendas
675 1511 872 1596 Novembris,
891 1531 974 1580 anno
992 1531 1085 1581 nono.
1173 1559 1178 1568 ·
1949 1546 1952 1553 ·

598 1716 737 1802 lakene,
757 1721 867 1786 meso.

1185 1913 1261 2000 Nn.
1292 1911 1363 2000 40.

599 2107 781 2193 henricus
803 2106 923 2190 blesis
950 2107 1028 2190 dux
1055 2113 1195 2194 1206
1222 2133 1252 2193 s.
1272 2133 1304 2193 c
1331 2112 1367 2196 d.
1393 2114 1431 2196 ct
1455 2110 1502 2210 b;
1529 2134 1704 2197 enneae
1722 2126 1830 2195 vnum
1849 2145 1941 2196 snam
1960 2127 2048 2196 Pric-

498 2231 569 2319 pole
588 2247 647 2316 pro
666 2227 744 2295 ville
764 2225 914 2296 ecelesiae
931 2246 957 2294 s.
979 2226 1141 2297 vincentii
1158 2230 1193 2296 in
1214 2231 1384 2313 Wroclavv,
1406 2230 1494 2299 dieta
1515 2230 1633 2298 onec

600 2335 740 2414 Pernam
763 2336 879 2412 oronim
901 2351 923 2394 ιι
940 2330 1065 2412 ktdrepo
1086 2354 1128 2397 nc
1147 2337 1268 2400 nicloed
1281 2336 1436 2413 jednabn.
1457 2337 1643 2415 opptomtal.
1680 2336 1757 2400 duic
1782 2337 1936 2421 picczecie
1952 2353 2049 2414 pnp-

499 2441 649 2502 nleszono.
685 2436 761 2499 lece
779 2438 1002 2515 mdeupomam
1018 2439 1224 2516 przcdstasoia
1245 2440 1400 2522 stojqcepo
1423 2440 1560 2517 Bblrupc
1592 2441 1818 2517 zpcstorulenv
1851 2457 1879 2498 u
1895 2441 2052 2518 praedem·

500 2543 606 2621 eapte:
626 2535 659 2605 S.
681 2536 919 2622 Archiepiscopi
940 2535 1156 2604 Gnezdnensis
1178 2536 1318 2606 Henrici
1340 2541 1403 2620 29⁰
1417 2543 1532 2604 mida

607 2641 768 2707 Wrccluu.
790 2643 911 2722 Ildnipl
935 2643 1049 2706 Stadia.
1070 2645 1188 2707 Archiv.
1212 2645 1245 2708 S.
1275 2643 1408 2708 Vmccnz
1431 2646 1515 2722 Stifl.
1610 2709 1615 2720 ,

600 2842 665 2911 lies
685 2841 765 2912 bene
796 2849 831 2913 et
863 2844 993 2931 provide
1012 2852 1102 2931 geste
1130 2845 1224 2914 facile
1253 2847 1356 2916 solent
1386 2846 1544 2916 oblivione
1563 2846 1614 2915 vel
1642 2845 1715 2913 eliis
1735 2845 1839 2914 ccusls
1860 2844 2050 2930 merrtem

501 2946 561 3015 nisi
581 2946 628 3016 eis
648 2945 828 3015 litterarum
846 2948 1028 3016 testimonia
1047 2948 1212 3035 longevam
1229 2950 1383 3036 prebeant
1403 2950 1596 3018 firmitatem.
1617 2949 1798 3034 Eepropter
1816 2965 1875 3032 ego
1895 2947 2054 3016 Henrieus

502 3048 560 3118 Del
580 3054 615 3117 et
633 3047 720 3117 besti
741 3047 891 3117 Iohannis
909 3051 1016 3134 grncla
1038 3051 1140 3118 Zlesie
1161 3052 1240 3140 dux,
1277 3054 1417 3138 presenti
1447 3053 1544 3120 karta
1565 3057 1675 3121 notum
1697 3049 1778 3119 iccio
1799 3050 1999 3136 presentibus
2017 3056 2053 3118 et

502 3149 632 3233 luteris,
664 3152 751 3237 quod
770 3171 843 3220 enm
863 3152 991 3221 domino
1014 3152 1156 3222 Geranlo
1184 3154 1299 3223 abbate
1319 3156 1422 3223 saneti
1443 3154 1606 3223 Viceeneii
1624 3155 1665 3222 de
1685 3171 1817 3222 mensu
1837 3152 2055 3222 etvolnntate

503 3254 551 3320 cui
572 3252 711 3338 capituli
728 3253 789 3322 ieci
807 3256 1023 3324 concambium
1037 3262 1102 3324 tam
1117 3275 1175 3342 pro
1191 3277 1259 3324 mee
1273 3276 1369 3342 quam
1389 3278 1448 3343 pro
1470 3275 1528 3325 suo
1550 3257 1746 3341 benepumo
1767 3257 1950 3323 voluntatis„
1974 3255 2055 3322 Dedi

503 3357 585 3424 enim
605 3355 666 3424 sibi
687 3363 722 3424 et
743 3358 873 3427 ecclesie
893 3358 979 3427 beati
1000 3358 1163 3428 vincencii
1184 3360 1319 3445 Pzepole
1341 3381 1361 3427 a
1381 3359 1507 3428 Vidavn
1524 3378 1626 3445 usque
1646 3359 1689 3428 sd
1709 3359 1865 3442 Dobrnm‚
1883 3357 2056 3426 secundnm

504 3456 586 3541 quod
606 3477 664 3544 ego
685 3459 771 3528 inter
792 3461 967 3546 predictam
987 3460 1143 3529 Vidnvnm
1163 3468 1198 3530 et
1219 3462 1360 3531 Dobrnm
1381 3463 1488 3546 hebui,
1508 3482 1580 3530 eum
1601 3462 1734 3530 ecclesio
1755 3461 1800 3529 ibi
1821 3461 1885 3528 sita
1906 3466 1941 3528 et
1953 3462 2055 3528 omni·

504 3557 561 3626 bns
580 3562 784 3645 proventibus
805 3568 839 3630 et
859 3563 1078 3646 Thentonicis,
1116 3570 1153 3631 ut
1186 3566 1215 3631 ei
1237 3565 1355 3633 eisdem
1375 3566 1497 3650 legibus
1527 3564 1642 3650 qnibns
1664 3563 1761 3632 miehi
1782 3563 1971 3632 tenebantur
1989 3564 2056 3631 sint

504 3663 644 3746 saniem
661 3663 818 3747 videlicet,
841 3670 879 3732 ut
899 3672 1007 3750 preter
1028 3666 1107 3733 ulios
1126 3667 1292 3750 pensiones
1314 3685 1393 3752 quas
1414 3669 1454 3734 de
1474 3674 1569 3753 pecto
1589 3666 1716 3749 debent,
1738 3666 1845 3734 nullus
1859 3685 1968 3734 eornm
1982 3665 2057 3733 inde
2140 3703 2142 3708 ·

506 3767 629 3834 recedat
651 3767 712 3834 cisi
732 3770 836 3852 posito
855 3768 925 3836 loco
943 3771 993 3836 sni
1013 3769 1092 3851 elio,
1128 3771 1182 3855 qui
1205 3771 1402 3838 tantumdem
1423 3770 1527 3838 solvet
1546 3770 1656 3839 abbati
1677 3777 1831 3855 quantum
1853 3770 1907 3838 ille
1934 3770 2057 3837 solvere

506 3867 679 3951 tenebatur,
700 3875 735 3937 et
756 3870 816 3938 boe
837 3869 922 3939 iacto
942 3871 1041 3939 libere
1063 3873 1200 3940 recetlat
1223 3873 1291 3957 Ego
1311 3879 1419 3940 autem
1441 3892 1499 3957 pro
1521 3873 1661 3957 predicto
1683 3873 1792 3957 predio
1805 3873 1909 3957 recepi
1923 3871 2056 3939 Olnvarn

507 3986 576 4038 curn
596 3971 718 4039 duobus
739 3973 879 4040 ecelesiis
901 3979 935 4040 et
955 3973 1166 4042 decimacione
1187 3980 1221 4042 el
1242 3975 1385 4043 omnibus
1407 3975 1612 4060 proventibus
1643 3977 1700 4061 qui
1721 3976 1755 4041 in
1777 3976 1964 4044 circuieione
1985 3993 2058 4058 pre·

506 4075 665 4143 nominate
684 4078 896 4159 continentur,
917 4084 1025 4162 preter
1042 4077 1182 4145 decimas
1196 4084 1288 4145 extra
1303 4079 1469 4146 mentum
1483 4079 1683 4161 constitutos,
1705 4096 1785 4162 qnos
1799 4078 1945 4147 dominns
1958 4077 2066 4146 abbas·

507 4173 620 4244 sibiet
638 4179 769 4247 ecclesie
789 4199 846 4247 sne
868 4181 1001 4247 retinuit
1020 4180 1213 4265 profuturus.
1258 4180 1358 4249 Facta
1378 4187 1429 4248 est
1449 4188 1557 4248 autem
1580 4181 1638 4248 hec
1659 4183 1868 4249 eommutaeio
1888 4200 1972 4250 anno
1990 4180 2057 4263 illo,

508 4275 540 4344 in
560 4298 622 4365 qno
647 4282 792 4352 dominus
810 4284 966 4352 Henrieus
986 4285 1255 4370 archiepiscopus,
1292 4285 1561 4353 excommunicato
1594 4283 1635 4352 cb
1667 4283 1737 4368 ipso
1769 4284 1850 4352 duee
1871 4283 2058 4365 Wlodizlao‚
2128 4343 2130 4347 ,

509 4385 622 4450 mansit
642 4385 675 4452 in
698 4386 914 4454 Wrntizlavin
947 4385 996 4454 Ut
1014 4394 1122 4454 autem
1144 4394 1211 4453 tam
1233 4388 1295 4454 mei
1317 4407 1411 4472 quam
1430 4387 1566 4473 predicti
1591 4385 1716 4454 abbatis
1736 4405 1932 4454 successores
1953 4393 2059 4454 recum

509 4480 565 4551 boc
586 4485 723 4556 habeant
751 4491 785 4557 in
807 4495 1010 4575 perpetuum,
1032 4496 1066 4557 et
1086 4509 1107 4556 a
1128 4490 1216 4558 nullo
1237 4491 1340 4575 possit
1360 4490 1506 4575 infringi,
1528 4509 1597 4557 meo
1619 4495 1653 4556 et
1673 4490 1885 4574 prenominati
1905 4488 2060 4574 archiepi-

509 4587 592 4671 scopi
612 4590 724 4676 sigillis
741 4610 871 4677 presens
891 4593 1019 4660 meula
1046 4599 1096 4661 est
1117 4594 1248 4660 munita
1292 4595 1409 4662 Actum
1429 4599 1481 4661 est
1511 4611 1595 4661 anno
1627 4592 1669 4659 ab
1690 4591 1915 4660 Inoamaeione
1932 4591 2060 4659 Domini

509 4687 672 4760 millesimo
692 4692 813 4763 cevt
1600 4709 1602 4712 ·

610 4895 753 4984 Pzepole‚
776 4905 925 4982 Psicpole,
948 4923 967 4965 z
988 4907 1153 4968 niernieelro
1175 4905 1353 4981 manassent.
1387 4901 1519 4978 Vidava,
1541 4924 1559 4967 z
1580 4909 1667 4969 nim
1707 4906 1813 4969 Weida
1833 4905 1973 4968 mezen
1995 4899 2061 4968 Do-

511 4990 576 5077 Βη,
597 5007 727 5068 necrlco
748 5024 900 5069 mmmm
921 5009 963 5069 od
981 5010 1036 5069 soci
1051 5008 1243 5071 dodreschlzl
1264 5007 1489 5090 (Bebrisehau),
1512 5008 1580 5071 dxii
1600 5012 1721 5071 znim
1741 5008 1954 5084 Isthmon
1974 5007 2061 5068 Wes-

511 5115 566 5162 κν.
587 5099 696 5187 Olavn,
714 5129 733 5170 ι
754 5111 920 5173 nieovieclca
948 5112 1054 5175 oldae.

1854 5223 1872 5284 t
