4574 6240
1481 733 1658 823 ΜΝ

890 924 1021 1017 Mosco
1046 934 1123 1016 dux
1153 932 1373 1016 Polonorum
1403 937 1534 1016 1100
1570 934 1649 1033 (sia,
1683 932 1818 1034 acci)
1849 932 1941 1016 lior.
1975 935 2025 1028 ὃ,
2059 930 2102 1012 in
2129 930 2278 1019 ῦιιιιιίι

788 1072 954 1140 coniirurat
977 1070 1173 1155 privilegium
1196 1069 1279 1154 quod
1301 1069 1433 1136 dederat
1454 1070 1604 1138 ecclesiae
1625 1071 1728 1137 sancti
1749 1069 1904 1136 Jobaauis
1926 1068 1959 1135 in
1973 1067 2130 1152 Mogilao:
2148 1048 2255 1135 Bolos
2278 1091 2283 1127 ι

789 1177 869 1276 (rex
899 1173 1087 1274 Poloniao)
1115 1175 1255 1255 1065
1282 1171 1370 1276 dpr.
1399 1180 1461 1268 11,
1488 1173 1531 1254 in
1556 1172 1702 1254 Ploozk.

895 1297 1092 1373 rraaaampr
1113 1296 1336 1373 potmierdzorrp
1351 1313 1465 1372 praet:
1499 1292 1694 1359 wladislaus
1725 1310 1782 1359 rex
1814 1290 1943 1358 Polouie
1963 1296 2023 1358 etc.
2059 1290 2153 1365 1402,
2184 1290 2217 1357 in
2245 1322 2287 1352 w

786 1405 897 1467 nostm
919 1395 1130 1476 cracoviensi,
1153 1393 1233 1460 feria
1252 1395 1349 1461 torcia
1368 1395 1438 1478 ipso
1458 1393 1541 1461 die...
1572 1418 1599 1459 ιιι
1617 1415 1754 1476 perpura
1777 1400 1895 1474 orpora
1918 1397 2000 1458 Bntn
2017 1397 2216 1474 iorrfirmncyi
2235 1418 2287 1461 aar

790 1507 1045 1576 attaminatum
1081 1503 1132 1562 aie
1152 1502 1234 1561 nante
1252 1502 1388 1562 nazara
1407 1499 1464 1579 lyd
1477 1502 1537 1577 jod
1555 1520 1600 1562 ro:
1635 1501 1809 1578 Bielooaki,
1834 1501 2029 1561 Moriameatn
2051 1501 2153 1561 Polou.
2177 1501 2260 1563 llisto

792 1609 921 1670 aneae
944 1600 1151 1677 catharinae,
1179 1603 1215 1663 bo
1236 1599 1322 1664 dzieri
1343 1609 1392 1664 tea
1409 1604 1573 1681 przypnda
1594 1604 1672 1663 rota
1693 1601 1781 1663 1402
1802 1619 1844 1662 na
1865 1601 1973 1684 aobotf.
1995 1602 2096 1678 Brzep
2108 1603 2199 1679 dabra
2219 1620 2286 1665 azer

791 1711 950 1788 zulcimin,
985 1726 1012 1768 ro
1034 1700 1863 1786 aim11dziaryodprzyraieszeaiajedac'jpieczpci
1898 1704 1999 1765 Pisano
2019 1704 2185 1780 micjecnmi
2205 1715 2286 1784 roy!

792 1813 957 1889 miejacami
977 1813 1111 1889 aiyciem
1129 1809 1339 1885 cberaicznycb
1357 1809 1525 1886 renpeacyj
1544 1811 1754 1877 zamnioronae,
1786 1807 1957 1868 :atmcza
1972 1824 2053 1885 μην
2073 1805 2175 1870 dorica
2191 1807 2286 1886 polio

790 1917 897 1978 σιειιία
913 1931 1011 1993 prm
1036 1912 1243 1990 Weaapseam
1263 1907 1357 1972 lrrdla

894 2013 1032 2080 reomao.
1074 2015 1194 2091 Konope.
1217 2014 1323 2076 Stante
1346 2012 1436 2076 Areia
1470 2013 1605 2090 Mopiiao
1626 2013 1655 2074 i.

891 2218 930 2286 Iu
950 2217 1077 2286 nomine
1094 2215 1200 2283 Patris
1220 2220 1254 2282 et
1275 2213 1348 2282 Filii
1369 2217 1403 2282 et
1423 2213 1561 2299 Spiritus
1583 2215 1685 2282 sancti
1707 2233 1810 2283 amen.
1846 2213 1915 2282 Nos
1939 2214 2048 2283 liesca
2069 2214 2129 2282 Dei
2150 2214 2258 2299 gracia
2284 2247 2287 2272 ·

788 2320 993 2403 Polouorum3
1029 2320 1184 2386 universis
1216 2316 1370 2385 catholice
1391 2316 1465 2384 fidei
1487 2317 1679 2385 zelatoribus
1700 2322 1768 2384 tam
1789 2318 1989 2402 presentibus
2021 2336 2118 2403 quarn
2138 2318 2253 2385 futuris
2270 2351 2287 2377 ι

789 2430 911 2503 senum
932 2423 1081 2509 paginam
1103 2422 1305 2506 inspecturis,
1342 2421 1479 2488 aduam
1505 2422 1539 2488 in
1565 2420 1701 2488 Domino
1724 2421 1817 2488 ihesu
1840 2419 1979 2489 cbristo.
2023 2420 2185 2501 Quomodo
2207 2422 2281 2508 (sic)

790 2525 930 2594 bumana
949 2525 1072 2592 lacibus
1093 2524 1245 2591 labuntur
1284 2525 1452 2592 memoria·
1468 2543 1530 2608 que
1550 2543 1608 2592 aec
1629 2526 1748 2608 scripto
1781 2542 1839 2592 neo
1859 2541 1936 2605 voce
1967 2524 2098 2591 testium
2120 2524 2279 2607 perheuan

790 2628 863 2697 ideo
885 2646 1011 2696 necesse
1032 2632 1097 2709 est,
1132 2632 1170 2693 ut
1190 2645 1242 2694 res
1260 2626 1352 2711 digne
1374 2627 1523 2694 memorie
1542 2632 1576 2694 et
1594 2626 1734 2712 legitime
1757 2634 1832 2695 acta
1851 2627 1886 2692 iu
1906 2626 2025 2711 scripto
2046 2626 2246 2710 redigantur,

790 2732 958 2800 'canescens
990 2748 1047 2797 sen
1068 2728 1231 2796 labescens
1253 2729 1428 2813 antiquitm
1450 2729 1554 2796 valeat
1575 2747 1722 2796 successu
1742 2729 1895 2812 temporis
1930 2727 1972 2796 nd
1992 2727 2177 2794 memoriam
2194 2746 2287 2795 rev·-

789 2832 835 2902 lit
848 2833 924 2901 licet
936 2832 1081 2899 omnibus
1096 2830 1217 2900 cunuti
1230 2829 1373 2897 fidelibus
1393 2830 1542 2914 prodesse
1557 2837 1735 2912 teneamur,
1757 2831 1907 2915 precipue
1920 2836 2028 2897 tamen
2041 2831 2145 2915 pium,
2171 2830 2262 2898 salnb
2285 2860 2287 2886 2

790 2934 959 3005 honestum
972 2940 1031 3016 est,
1046 2934 1186 3001 claustra
1196 2939 1230 3000 et
1242 2933 1351 3001 domos
1365 2935 1527 3018 religiosas
1540 2935 1732 3001 constituere
1746 2940 1781 3000 et
1794 2934 1968 3016 defensare,
1986 2952 2122 3002 necnon
2138 2953 2208 3000 cnm
2226 2961 2252 2991 »ι
2269 2965 2283 2993 ιι

791 3037 969 3117 devocionis
983 3037 1151 3121 diligencia
1164 3055 1356 3121 promovere.
1379 3037 1499 3105 Notum
1514 3038 1622 3122 itaque
1633 3037 1778 3104 volamus
1802 3055 1871 3105 esse
1892 3038 2048 3104 universis
2063 3036 2184 3104 Christi
2203 3037 2257 3104 fid·
2276 3039 2283 3053 '

791 3146 858 3209 tam
879 3139 1078 3225 presentibus
1100 3159 1196 3224 quam
1213 3139 1347 3220 futuris,
1383 3139 1467 3223 qnod
1488 3159 1546 3207 nos
1567 3139 1655 3206 ducti
1676 3159 1752 3207 vera
1772 3140 1907 3225 pietate,
1928 3138 2055 3206 iusticia
2074 3145 2108 3205 et
2122 3139 2266 3222 caritate

790 3261 900 3329 preces
920 3247 955 3310 et
974 3243 1096 3309 monita
1116 3241 1235 3308 domini
1248 3241 1404 3326 Mengosii
1423 3241 1547 3309 abbatis
1569 3243 1730 3327 totiusque
1754 3242 1936 3310 Conventus
1956 3242 2087 3309 enclesis
2108 3243 2210 3309 sancti
2232 3242 2281 3309 lo

792 3346 844 3414 nis
861 3344 1073 3429 ewangeliste
1094 3344 1128 3410 in
1141 3344 1293 3428 Mogilua,
1326 3345 1487 3428 requisitis
1509 3351 1543 3412 et
1560 3346 1710 3429 inspectis
1731 3344 1904 3430 privilegiis
1923 3343 2062 3411 eiusdem
2083 3344 2213 3411 ecclesie
2235 3345 2282 3411 Μ

792 3449 899 3517 nensis
933 3448 968 3515 in
996 3455 1137 3531 tempore
1159 3449 1222 3514 iam
1244 3447 1322 3515 dicti
1343 3446 1468 3513 abbatis
1489 3446 1654 3531 blangioni,
1676 3448 1853 3514 invenimus
1883 3463 1906 3512 a
1936 3445 2209 3530 predecessoribus
2229 3466 2282 3513 n·:

792 3557 827 3620 et
847 3550 947 3619 eciam
968 3550 1156 3636 quibasdam
1177 3548 1330 3616 militibus
1362 3548 1556 3633 subscriptas
1576 3549 1765 3616 donaciones
1787 3567 1844 3615 seu
1861 3549 2059 3630 collacrones,
2081 3549 2284 3632 sepedictcec

654 3715 659 3725 .
792 3654 840 3723 sie
870 3653 974 3721 nancti
994 3652 1142 3720 Iohannis
1164 3651 1293 3719 devotas
1311 3652 1481 3718 salubriter
1503 3657 1537 3718 et
1557 3651 1705 3733 collatas,
1743 3650 1860 3718 talibas
1886 3670 2011 3738 quoque
2040 3652 2169 3736 scriptis
2200 3671 2282 3719 mem

793 3755 1042 3826 commendatas:
1066 3759 1226 3834 (sepiatur
1247 3759 1378 3836 diploma
1400 3760 1454 3820 Νι.
1473 3759 1518 3833 3.)
1644 3801 1647 3808 ,

896 3856 964 3926 lios
984 3858 1083 3942 igitur
1103 3857 1210 3925 Mesco
1231 3855 1292 3924 Dei
1312 3859 1420 3942 gracia
1445 3858 1510 3925 dax
1531 3857 1737 3940 Polonorum,
1774 3875 1907 3926 munera
1934 3856 2075 3926 salubria
2095 3864 2137 3931 et
2161 3858 2285 3926 donaci·

792 3960 863 4047 pias
885 3960 1041 4028 anostris
1063 3949 1316 4045 progenitoribus
1337 3965 1371 4027 et
1392 3960 1644 4027 mtecessoribas
1666 3959 1813 4028 deodioas
1834 3960 1911 4056 (sic)
1944 3962 2030 4027 omni
2050 3960 2218 4046 diligencia
2248 3989 2273 4022 t·

792 4061 902 4147 urgeri
923 4080 1020 4147 qnam
1041 4061 1141 4129 minui
1163 4061 1213 4129 vel
1235 4061 1386 4129 minuturi
1409 4062 1588 4146 cupientes,
1623 4062 1785 4146 premissis
1814 4069 1848 4130 et
1880 4064 2109 4147 prenominatis
2141 4082 2286 4131 reveren

793 4163 1017 4250 benignissimo
1040 4165 1146 4232 animo
1168 4173 1342 4232 annuentes
1364 4164 1406 4232 ad
1426 4165 1552 4232 laudem
1571 4167 1797 4250 omnipotentis
1817 4166 1878 4233 Dei
1899 4172 1934 4233 et
1954 4167 2104 4235 honorem
2118 4169 2221 4235 sancti
2235 4165 2283 4234 lol

794 4266 846 4334 nis
865 4265 1090 4352 energema,
1125 4272 1163 4333 ut
1185 4266 1242 4334 bec
1264 4266 1452 4335 donaciones
1472 4287 1510 4335 ac
1531 4267 1718 4335 collaciones
1739 4267 1782 4336 ab
1802 4269 1948 4335 omuibus
1968 4271 2201 4338 successoribus
2219 4271 2257 4337 iru

794 4368 902 4438 biliter
930 4375 964 4436 et
989 4369 1048 4436 sab
1069 4370 1280 4437 anethamatis
1306 4371 1431 4437 viuculo
1457 4369 1678 4452 observentur,
1706 4388 1836 4455 presens
1862 4372 2109 4439 instrumentum
2131 4381 2214 4444 nost·

795 4471 969 4540 munimine
989 4470 1136 4538 duximus
1158 4472 1379 4539 roborandum.
1416 4473 1532 4540 Actum
1553 4478 1587 4539 ct
1607 4473 1717 4540 datum
1739 4492 1823 4540 anno
1844 4473 1972 4541 Domini
1994 4475 2160 4542 millesimo

723 4664 725 4669 1
795 4574 879 4661 (sic),
902 4574 999 4641 tercio
1021 4571 1131 4641 Nonas
1153 4573 1346 4657 Septembris
1366 4575 1400 4640 in
1423 4573 1594 4656 crusvicia,
1616 4576 1830 4660 presentibus:
1849 4576 1977 4644 domino
1990 4577 2087 4645 Petro
2105 4597 2157 4662 prr
2252 4632 2255 4636 .

795 4676 957 4757 zowiensi;
979 4674 1130 4757 chero,
1152 4675 1238 4743 Bozo
1260 4676 1485 4760 sacerdotibus,
1506 4677 1657 4762 Dagnone
1679 4678 1803 4761 comite,
1825 4677 1950 4746 Sbilnto
1972 4680 2087 4747 comite
2109 4686 2140 4747 et

797 4783 865 4847 tam
886 4777 1008 4846 clericis
1027 4796 1123 4860 qnam
1144 4779 1233 4847 laicis
1254 4778 1316 4847 fide
1336 4781 1440 4866 dignis
1462 4787 1496 4849 et
1517 4781 1668 4849 honestis.
1864 4872 1866 4877 1
2116 4817 2138 4871 χ
2264 4862 2268 4870 .

899 4981 1052 5069 Mogilua,
1077 4987 1217 5066 Mopitao.
1240 4956 1414 5069 Cnnvicia,
1437 4987 1620 5051 Knazoico.
