4574 6240
552 366 626 442 144

548 571 747 653 receperant,
770 565 947 650 praedictos
962 561 1043 632 lilios
1062 579 1136 630 snos
1157 561 1198 628 ad
1219 559 1312 628 villos
1333 559 1484 628 liukowic
1504 558 1629 628 wielkie
1651 564 1684 626 et
1704 556 1855 626 Bnkonrie
1875 558 1959 625 male
1978 555 2097 628 nonum

549 689 599 738 ¹¹1⁸
621 668 851 860 halbl'eqrssrowiec.
864 775 991 836 Arenio.
1014 772 1196 833 monosterii.
1219 770 1421 831 Proloccllum
1442 769 1474 832 3.
1491 785 1563 846 pap.
1587 769 1638 829 ll.

653 977 839 1044 innomine
860 975 918 1041 Dei
940 979 974 1041 et
995 972 1109 1039 Matris
1131 989 1233 1038 omen.
1280 969 1346 1053 Ego
1369 969 1482 1036 Petrus
1514 969 1672 1051 quondom
1695 967 1818 1034 coniitia
1839 965 1997 1033 slavonici
2019 965 2101 1036 filins

550 1081 642 1150 heres
659 1078 789 1148 ecclesie
807 1075 985 1144 Luknensis
1016 1079 1126 1140 ontnm
1148 1091 1218 1140 esso
1239 1073 1331 1156 cnpio
1354 1070 1476 1138 cunctis
1497 1070 1656 1151 fidelibus,
1692 1069 1776 1155 quod
1795 1070 1999 1138 commutatio
2020 1070 2104 1137 inter

550 1182 711 1250 dominnm
733 1179 879 1247 abbatem
900 1176 940 1243 de
962 1175 1075 1242 Lnirna
1096 1182 1130 1242 ct
1152 1175 1232 1241 lilios
1254 1191 1355 1255 mens,
1389 1173 1535 1240 videlicet
1554 1173 1750 1240 Petricnnem
1771 1179 1806 1238 et
1826 1171 2043 1252 vincentium,
2064 1171 2104 1239 da

551 1284 678 1352 &losa
697 1288 731 1350 et
751 1281 891 1348 Bnkowe
920 1296 991 1345 mon
1013 1295 1166 1344 consensu
1187 1282 1221 1343 ot
1243 1275 1407 1343 volontate
1428 1274 1626 1341 rationaliter
1647 1273 1756 1341 existit
1777 1273 1931 1341 ordinnta
1965 1273 2016 1339 ·Et
2033 1291 2105 1341 cnm

551 1387 586 1454 in
602 1385 755 1453 divisone
785 1381 996 1451 hereditatum
1025 1378 1167 1446 dictante
1200 1376 1323 1443 iustitio
1355 1375 1489 1459 quilibet
1520 1375 1656 1443 liliorum
1682 1394 1823 1443 meorum
1848 1376 2024 1460 portionem
2045 1376 2106 1443 sibi

551 1487 713 1557 cedentem
735 1504 755 1553 a
776 1503 828 1552 me
849 1482 968 1567 recepit
986 1487 1020 1547 ot
1041 1480 1192 1565 possedit,
1215 1479 1256 1545 ad
1278 1480 1380 1545 dictos
1403 1477 1605 1560 hereditates,
1620 1478 1742 1545 seilicet
1763 1478 1888 1544 Bnlrosz
1909 1483 1944 1544 et
1956 1476 2105 1560 Bnkowe,

551 1589 658 1659 nullus
680 1607 719 1658 er
739 1588 789 1655 his
812 1586 949 1671 aliquem
970 1583 1087 1651 meent
1107 1587 1285 1666 respcntnm
1305 1586 1363 1647 ant
1385 1577 1568 1648 laederem
1591 1580 1778 1664 requirendi
1802 1579 1872 1647 Hoc
1892 1577 1967 1646 felix
1988 1578 2106 1648 tantm

552 1690 752 1760 ordinacione
772 1708 843 1758 mea
865 1691 1041 1773 peraetnm3
1077 1685 1110 1751 in
1141 1682 1389 1750 confimationis
1412 1682 1628 1749 testimoninm
1650 1682 1746 1767 sigilli
1767 1682 1830 1750 mei
1855 1681 2017 1749 monimen
2036 1701 2106 1766 pre-
2178 1734 2181 1741 ,

551 1794 636 1863 senti
663 1794 777 1880 pagine
805 1792 882 1859 dnxi
918 1786 1169 1876 appendendum.
1214 1786 1333 1854 Datum
1365 1786 1399 1851 in
1432 1784 1547 1854 Lnkna
1578 1803 1662 1853 anno
1693 1784 1798 1870 gracie
1830 1781 2106 1867 nicomed,

551 1901 643 1966 wate
664 1894 824 1966 Kalendae
845 1893 990 1980 Augusti.

656 2099 845 2182 nummis,
865 2103 902 2165 re
924 2100 1035 2166 seno.
1059 2094 1196 2178 enemo,
1221 2097 1361 2195 mone
1384 2099 1506 2163 »mse
1528 2056 1679 2175 edrone,
1705 2096 1845 2161 mione
1861 2097 1968 2192 aare,

1041 2498 1046 2506 ,
1167 2503 1170 2508 ¹
1238 2390 1312 2478 Νι.
1348 2387 1448 2478 168

660 2591 921 2678 wlodlrlarns
946 2573 1095 2674 Pcl'nnio
1121 2589 1199 2672 dnx
1226 2592 1359 2670 1284
1386 2587 1483 2691 sept
1519 2592 1607 2684 22,
1631 2609 1663 2671 s
1688 2587 1735 2690 ις
1763 2605 1969 2690 perconter,
1991 2604 2110 2674 escor-

555 2714 641 2784 dlam
662 2715 748 2782 inter
760 2730 796 2781 re
808 2716 844 2780 et
862 2709 973 2779 dacem
994 2708 1167 2779 Henrieom
1188 2728 1321 2795 proprer
1339 2716 1458 2778 terram
1477 2709 1609 2778 Maioris
1630 2707 1778 2776 Poloniae
1799 2714 1951 2790 erorum,
1973 2708 2114 2777 Fulcone‘

556 2815 791 2904 mehlepiscwo
809 2814 987 2882 (ineansnsi
1006 2818 1041 2881 et
1060 2812 1160 2881 Panlo
1177 2813 1325 2898 episeopo
1338 2811 1545 2880 Poznaniensi
1566 2810 1788 2894 mediantibm,
1809 2810 1906 2879 certis
1923 2810 1983 2880 snb
2004 2811 2111 2879 cond·

556 2919 696 2988 donlbns
716 2935 786 2987 esse
807 2917 954 3001 sopitam

666 3024 864 3100 omme
881 3020 1108 3099 mesano
1124 3037 1236 3098 prm:
1258 3016 1430 3101 nidorem
1451 3015 1509 3102 ep.
1531 3017 1579 3086 1x
1602 3015 1686 3082 1235
1707 3016 1781 3084 iun.
1804 3016 1865 3100 ec·
1879 3017 2020 3100 sermm
2058 3037 2112 3082 ω.
2233 2974 2242 3006 ‘

556 3132 654 3206 οων
675 3145 703 3188 ιν
723 3119 795 3188 ieie
815 3117 1023 3202 oppletam,
1058 3117 1149 3206 etdrp
1169 3121 1292 3200 nudat:
1328 3117 1508 3187 Alexander
1527 3118 1585 3202 Pp.
1606 3116 1654 3185 lv
1678 3117 1761 3186 leet
1780 3118 1852 3188 Jan.
1876 3119 1929 3203 18,
1951 3118 2112 3188 Laterani.

662 3226 737 3291 eet
759 3225 833 3289 XX.
861 3223 1098 3302 emeruerat
1122 3221 1310 3302 nepem

663 3427 702 3496 ln
723 3427 849 3496 nomine
870 3425 997 3494 Domini
1018 3441 1120 3492 amem
1152 3423 1220 3509 Epo
1242 3422 1457 3492 chdizlavns
1479 3424 1538 3492 Dei
1567 3426 1826 3510 parmenionis
1851 3425 1916 3494 dnr
1937 3432 2048 3494 notam
2067 3425 2113 3495 ia·

560 3534 609 3601 cio
628 3530 833 3599 nnlversiset
849 3526 999 3612 engolis,
1034 3526 1119 3611 qnod
1138 3545 1209 3594 cnm
1231 3527 1315 3593 inter
1336 3545 1387 3594 me
1419 3545 1459 3594 ex
1481 3545 1545 3594 nne
1565 3533 1657 3613 parte
1678 3534 1711 3596 et
1731 3527 1983 3598 namemmenm
2004 3528 2116 3596 dncom

560 3633 734 3703 ilenricnm
748 3650 788 3700 er
802 3630 913 3711 altera,
937 3647 1001 3697 non
1022 3628 1146 3696 modica
1166 3635 1251 3697 esset
1271 3628 1425 3698 smdtom
1442 3629 1600 3698 discordis
1617 3638 1747 3717 propter
1767 3638 1885 3701 terram
1906 3651 1968 3719 qne
1988 3632 2118 3718 speciali

559 3737 687 3805 nomine
708 3734 826 3801 dieitur
847 3731 993 3812 Polonia,
1016 3732 1105 3799 onius
1126 3750 1236 3800 rerum
1257 3750 1381 3816 semper
1402 3751 1452 3800 me
1473 3732 1621 3802 heredem
1642 3737 1753 3820 patavi
1773 3741 1807 3803 et
1825 3734 2013 3822 principem,
2048 3736 2118 3821 ipso

560 3837 754 3908 contrariam
776 3841 938 3904 asserente
966 3841 1097 3918 propter
1117 3834 1236 3903 domini
1257 3835 1416 3921 qnondam
1439 3835 1637 3904 Wlodizlani
1658 3844 1696 3906 nt
1717 3838 1844 3920 asserit,
1881 3837 1988 3923 patrui
2004 3837 2117 3919 nostri,

561 3939 622 4008 albi
645 3938 762 4008 miani
783 3937 913 4022 filioque
932 3954 989 4005 sno
1004 3936 1220 4005 donationem:
1242 3937 1428 4007 consmilis
1450 3948 1543 4023 pater
1563 3939 1709 4008 dominns
1731 3940 1828 4008 Fulco
1849 3938 2046 4008 (ineanensis
2068 3959 2118 4008 ar·

560 4041 849 4127 cniepiacopnsum
859 4040 1065 4107 enmdomino
1077 4040 1176 4107 Panlo
1187 4041 1392 4108 Poznnniensi
1403 4043 1560 4126 episeopo,
1575 4041 1684 4111 ridens
1700 4041 1784 4127 qnod
1797 4048 1886 4111 tonte
1903 4029 2058 4110 discordie
2080 4048 2113 4109 at
2207 4083 2213 4091 -

563 4143 631 4212 litis
640 4143 757 4211 decisio
767 4161 837 4211 esse
850 4161 912 4209 non
923 4149 1030 4226 posset
1039 4143 1107 4209 sine
1117 4143 1215 4210 armis
1227 4150 1260 4209 et
1270 4143 1386 4227 gladio,
1398 4145 1467 4211 sine
1477 4144 1614 4226 nammis
1624 4144 1800 4226 ridnarnm,
1815 4144 2011 4213 desolatione
2022 4145 2120 4214 eccle·

561 4246 689 4328 slarnrn,
703 4247 1081 4328 vastationepauperum,
1105 4244 1241 4311 medinm
1256 4262 1291 4311 se
1305 4245 1422 4326 iniecit
1438 4253 1471 4312 et
1484 4253 1634 4330 tanquam
1645 4246 1728 4313 citor
1740 4250 1846 4315 Aaron
1857 4265 2030 4332 properans
2051 4249 2120 4316 eine

561 4349 692 4435 querela
713 4347 879 4434 proferens
901 4366 957 4413 sne
977 4348 1140 4415 servitutis
1162 4353 1299 4426 sontem,
1321 4347 1574 4431 deprecationem
1597 4350 1718 4416 restitit
1739 4350 1785 4416 ire
1806 4356 1840 4417 ct
1862 4349 1957 4417 linem
1971 4351 2119 4434 imposuit

562 4452 753 4532 necessitati,
775 4451 936 4530 clines,
973 4455 1135 4536 umquam
1157 4450 1261 4534 lapide
1282 4451 1427 4534 angulari
1449 4458 1619 4535 ntrnrnqnn
1638 4454 1786 4537 parietis,
1821 4453 1881 4520 hoe
1903 4454 1989 4538 pacis
2016 4452 2121 4521 federa

563 4554 737 4639 elegerit:
775 4559 814 4620 nt
832 4551 945 4620 fluvius
966 4552 1101 4620 Warthn
1124 4555 1286 4620 internos
1309 4560 1393 4620 meet
1414 4561 1499 4621 meto
1521 4554 1713 4635 amimbilis3
1751 4557 1797 4621 ita
1827 4555 1911 4639 qnod
1943 4574 2001 4639 ego
2023 4574 2121 4622 unum

562 4655 651 4738 lites,
673 4656 741 4740 ipse
762 4674 835 4722 vere
856 4654 897 4721 H.
919 4654 983 4721 dux
1002 4674 1064 4722 nna
1085 4675 1157 4722 eum
1180 4655 1312 4722 filiosuo
1334 4655 1420 4722 alind
1443 4675 1514 4722 cnm
1537 4658 1603 4723 suis
1625 4658 1800 4742 possideret
1821 4656 2033 4740 senadors,
2056 4667 2122 4726 tem

563 4759 696 4845 piscium
716 4775 811 4843 qnnm
830 4763 1006 4826 castrorum
1027 4758 1100 4841 (sic)
1121 4758 1199 4825 etsi
1221 4775 1285 4843 qna
1306 4757 1424 4826 inerint
1443 4757 1679 4839 theloneorum
1716 4779 1737 4825 a
1769 4765 1859 4843 porte
1890 4779 1961 4828 mea
1992 4760 2120 4829 adeso

565 4859 716 4941 Santhoc,
737 4866 772 4928 et
794 4860 862 4927 eins
885 4859 1006 4926 incluso
1040 4878 1111 4926 cum
1133 4878 1171 4926 eo
1193 4860 1276 4943 qnod
1299 4861 1367 4944 ipso
1389 4860 1520 4927 interius
1541 4868 1600 4929 oet.
1646 4860 1736 4928 Srem
1758 4878 1831 4929 vem
1853 4868 1993 4931 metrum
2015 4865 2048 4933 in
2067 4864 2123 4931 do-

563 4962 644 5031 mini
665 4962 775 5031 Bomii
796 4961 889 5029 cedat
911 4961 1043 5028 liberam
1065 4969 1099 5029 et
1120 4960 1282 5047 pacilicnm
1302 4964 1532 5047 possessionem
1555 4983 1626 5031 enm
1648 4963 1792 5031 omnibns
1814 4965 1861 5031 eis
1882 4983 1944 5051 qne
1965 4966 2067 5033 eidem
2082 4964 2124 5033 ab

564 5065 719 5133 ornnonlo
741 5081 798 5131 sno
820 5064 897 5132 data
916 5082 986 5131 aree
1007 5064 1223 5132 dinoscentur.
1250 5065 1317 5148 Ego
1339 5084 1412 5132 vero
1434 5067 1679 5133 naroncinenncs
1700 5085 1840 5133 meorum
1862 5073 2036 5135 metrorum
2059 5067 2124 5135 Na·

565 5164 646 5248 eliel,
668 5163 783 5247 Usche,
805 5164 982 5247 ,charchon
1004 5164 1125 5248 werec,
1149 5167 1281 5250 Dracen,
1304 5167 1403 5235 eciam
1423 5185 1462 5236 ex
1475 5175 1566 5254 parts
1587 5168 1690 5238 altera
1704 5169 1811 5252 quiete
1825 5169 2000 5253 possidebo,
2014 5188 2124 5256 qnem-

566 5264 735 5338 admodnm
756 5272 890 5353 patrnos
912 5283 1000 5335 mens
1020 5275 1116 5336 antea
1137 5268 1329 5352 possidebat.
1352 5269 1402 5335 Ob
1423 5287 1562 5366 ainornm
1583 5271 1691 5356 itaque
1714 5270 1807 5339 Ilnesn
1830 5270 1951 5339 Christi
1964 5279 1999 5340 et
2014 5272 2125 5341 fratris
