4574 6240
1330 537 1404 624 Nc.
1440 531 1537 622 152.

764 730 997 819 Wlodlnlaus
1040 737 1145 820 dacis
1194 735 1326 838 quoad.
1363 733 1497 816 bdonis
1532 731 1638 814 filius
1693 731 1771 813 dux
1823 729 2209 813 Polonorum1283

660 849 739 935 Jdl.
765 855 841 949 21,
867 852 908 936 in
934 859 1052 938 dulim
1079 855 1208 956 Kulil3
1240 871 1384 939 concedit
1405 868 1515 936 incolis
1536 867 1654 935 desani
1675 866 1728 932 siti
1746 867 1779 933 in
1798 865 1958 948 territorio
1976 865 2015 933 dc
2036 864 2154 948 Nullo,
2176 875 2210 939 et

659 990 761 1058 nuper
780 990 838 1059 per
858 991 893 1041 sc
914 976 1104 1043 monastario
1126 974 1166 1042 da
1188 974 1307 1060 Lubipn
1329 972 1447 1054 collati,
1467 969 1678 1055 amplissimas
1699 968 1862 1037 libertates
1883 976 1917 1036 et
1937 967 2108 1054 privilegia.

771 1077 1071 1158 Wroclusc.1idnipt.
1096 1081 1344 1142 StautsArcbio.
1373 1078 1463 1140 teao.
1505 1076 1754 1155 orpowaran
1775 1075 1813 1138 B.
1837 1073 1910 1138 203.
1959 1073 2048 1138 liber
2068 1077 2211 1154 antimius

658 1179 714 1258 sn.
736 1179 805 1244 ιιι.
830 1180 978 1257 noema
1007 1181 1216 1260 venenose,
1235 1200 1270 1262 p.
1294 1181 1346 1244 ιι.

612 1379 617 1393 ·
762 1362 801 1431 ln
821 1366 947 1433 nomine
968 1366 1094 1434 Domini
1117 1368 1217 1435 nostri
1237 1367 1331 1434 lbesu
1352 1383 1456 1434 amen.
1494 1363 1646 1444 Quoniam
1669 1362 1857 1445 omniaque
1879 1362 2094 1446 temporaliter
2114 1380 2212 1447 agun-

659 1473 723 1549 tar,
745 1484 802 1552 per
815 1465 1029 1536 decursionem
1045 1470 1196 1554 temporis
1217 1469 1424 1537 annullantur
1445 1472 1552 1550 prater
1571 1483 1611 1532 ea
1640 1482 1702 1548 quc
1724 1464 1900 1530 litterarum
1919 1464 2060 1549 apicibus
2074 1483 2211 1532 mmmu·

659 1568 729 1637 nita
747 1569 925 1652 scquatium
946 1573 1094 1639 momoria
1115 1572 1352 1657 relinquuntur,
1372 1570 1445 1637 inde
1465 1576 1515 1635 est
1537 1567 1620 1652 quod
1643 1584 1701 1634 nos
1725 1565 1917 1636 Wlodiclaus
1941 1567 2030 1634 ducis
2051 1567 2210 1651 quondum

659 1669 779 1739 Odonis
800 1668 900 1738 felicis
920 1676 1068 1742 memorie
1090 1675 1174 1741 iilius
1195 1670 1397 1742 miseratione
1421 1671 1528 1738 divina
1549 1671 1613 1736 dur
1635 1668 1825 1736 Polononrm
1858 1676 1968 1737 notum
1988 1668 2121 1737 iacimus
2141 1689 2212 1756 pre·

659 1771 802 1842 sentibus
823 1776 858 1840 et
878 1771 1009 1859 futuris,
1045 1777 1129 1861 quod
1154 1795 1212 1861 pro
1234 1776 1371 1844 remedio
1393 1776 1497 1841 enimc
1519 1779 1627 1840 nostre
1654 1772 1844 1838 contulimus
1866 1771 1958 1840 beate
1977 1771 2080 1839 blarie
2100 1774 2212 1858 virgini

659 1877 694 1944 in
715 1874 843 1944 Lubcns
865 1873 1091 1961 Cysterciensis
1112 1880 1255 1960 Ordinis,
1277 1880 1317 1947 de
1338 1878 1456 1946 diocesi
1479 1875 1749 1957 Wratizlaviensi,
1770 1875 1928 1958 quoddam
1948 1874 2107 1943 desonam
2129 1875 2213 1961 quod

660 1984 712 2049 est
731 1979 765 2046 in
786 1978 947 2047 territorio
964 1982 1004 2050 de
1026 1983 1147 2064 Nakel,
1183 1982 1272 2050 cuius
1294 1983 1422 2050 termini
1443 1986 1519 2047 sunt
1540 1980 1600 2046 bii:
1633 1977 1780 2046 videlicet
1800 1998 1821 2046 a
1842 1976 1971 2046 meridie
1990 1977 2138 2063 Cunani,
2171 1978 2213 2048 ab

661 2081 811 2167 aquilone
825 2080 1049 2160 Bmcbovniaa
1071 2085 1113 2152 ab
1130 2085 1252 2152 oriente
1273 2086 1325 2151 via
1347 2103 1408 2168 qne
1418 2082 1507 2151 vadit
1527 2081 1567 2148 dc
1585 2079 1729 2148 lbauino
1750 2099 1849 2165 usque
1862 2080 1897 2148 in
1911 2079 2057 2164 Camena
2077 2081 2119 2151 ab
2132 2082 2213 2150 occi·

661 2182 757 2253 dente
777 2184 829 2251 via
850 2203 964 2269 magna
984 2206 1046 2271 que
1063 2186 1153 2256 vadit
1173 2188 1207 2254 in
1229 2186 1365 2255 Zlavno:
1388 2183 1567 2254 cumomni
1588 2184 1657 2252 iure
1680 2190 1714 2251 et
1735 2182 1879 2250 omnbus
1900 2182 2107 2266 utilitatibus,
2128 2183 2213 2250 vide·

660 2287 736 2358 licet
753 2288 872 2376 pratis,
894 2289 996 2373 agris,
1019 2291 1164 2375 mana,
1185 2289 1334 2372 lacubus,
1357 2286 1544 2368 custoribus,
1566 2286 1708 2354 volentes
1730 2292 1768 2353 ut
1788 2287 1948 2354 ciritaoem
1969 2285 2074 2355 locent
2094 2285 2128 2353 in
2149 2287 2213 2354 iam

658 2387 745 2458 dieto
766 2389 901 2458 decute.
938 2390 981 2459 Et
1001 2393 1078 2478 qnia
1097 2393 1296 2477 dispendium
1317 2392 1352 2458 in
1373 2387 1600 2476 temporalibus
1620 2389 1689 2472 pati
1708 2406 1766 2474 pro
1790 2386 1918 2456 Christo
1938 2406 2002 2456 non
2019 2395 2213 2472 reputamus,

659 2489 729 2559 clus
749 2492 858 2560 amo‘re
879 2491 935 2576 qui
955 2493 1068 2564 ambra
1086 2511 1200 2564 manus
1221 2510 1279 2562 sue
1298 2511 1357 2562 nos
1377 2492 1517 2579 protexit
1538 2497 1573 2559 et
1592 2491 1746 2577 protegit,
1782 2492 1815 2556 in
1837 2490 2050 2560 remissionem
2071 2499 2214 2576 ρειπω-

659 2609 732 2661 rum
752 2597 934 2662 nostronrm
955 2595 1143 2665 oonienmas
1164 2596 1397 2666 habitatoribus
1419 2596 1559 2664 ciuiuus
1577 2594 1664 2662 illius
1686 2602 1720 2662 et
1737 2595 1883 2663 villarum
1900 2612 1979 2679 quae
1995 2594 2132 2662 Domino
2151 2595 2214 2663 lar·

662 2695 770 2782 mente
791 2694 896 2765 locare
926 2703 1076 2782 potemnt
1110 2700 1161 2767 ias
1182 2698 1405 2768 Tbeotonicale
1425 2697 1467 2766 ab
1484 2697 1571 2766 omni
1591 2715 1647 2766 eos
1668 2697 1738 2764 iure
1758 2695 1907 2766 Polonico
1927 2696 2131 2778 eabimendo;
2165 2697 2215 2765 ita

660 2802 699 2867 nt
718 2797 815 2867 nubs
835 2798 963 2867 omniuo
984 2802 1122 2886 eugenie
1139 2820 1196 2870 seu
1210 2801 1367 2869 Polonicis
1382 2799 1660 2868 consuetudinibus
1674 2807 1899 2884 aggravemur:
1921 2801 1997 2887 pub
2008 2799 2124 2869 donum
2145 2800 2213 2868 Deo

661 2899 813 2972 nodatum
832 2919 897 2969 non
918 2903 1045 2986 expedit
1065 2904 1187 2990 legibirs
1209 2905 1387 2990 principum
1407 2902 1578 2972 subiacere
1601 2901 1856 2971 Habundantiori
1875 2904 1976 2973 eciam
1989 2903 2115 2973 cautela
2135 2903 2214 2988 ipsis

662 3001 895 3072 habitatoribus
917 3005 1130 3090 providentes,
1165 3007 1309 3075 volumus
1335 3013 1374 3074 nt
1393 3027 1415 3075 a
1436 3006 1576 3076 collectis
1597 3012 1631 3074 et
1651 3004 1859 3090 petitionibus
1883 3025 1945 3090 quc
1973 3006 2007 3073 in
2027 3004 2214 3092 quibasdam

661 3107 757 3176 terris
776 3106 868 3193 liunt,
889 3106 955 3174 sint
976 3108 1104 3177 anobis
1125 3116 1160 3178 ot
1180 3131 1202 3179 a
1222 3111 1340 3179 nosnis
1361 3110 1496 3195 posteris
1518 3109 1666 3178 absoluti.
1690 3109 1738 3176 lle
1756 3107 2007 3193 expeditionibus
2026 3115 2133 3176 autem
2154 3126 2215 3193 que

659 3207 742 3278 dunt
762 3215 853 3278 exus
874 3215 1009 3293 terram,
1045 3218 1083 3281 ut
1113 3213 1309 3283 habitatores
1340 3212 1480 3281 eiusdem
1511 3212 1628 3281 deserti
1659 3212 1868 3280 communiter
1899 3228 2006 3278 omnes
2032 3211 2099 3280 sint
2119 3211 2212 3297 liberi

661 3313 893 3382 constituimus
931 3312 969 3381 ln
991 3313 1170 3385 defensione
1190 3335 1265 3386 voro
1287 3323 1385 3399 terre,
1422 3316 1468 3383 hii
1489 3317 1545 3402 (ιιι
1567 3334 1694 3385 mansos
1715 3315 1750 3382 in
1768 3314 1859 3383 leudo
1880 3321 2083 3400 moopernnt,
2119 3319 2216 3383 uteo

660 3416 796 3485 rabum
816 3416 943 3485 hostilis
964 3416 1102 3487 incursio
1121 3421 1329 3505 reprimatur,
1351 3418 1488 3505 propriis
1509 3419 1688 3503 sumptibus
1710 3418 1822 3486 adesse
1844 3423 2003 3485 tenentur.
2023 3415 2215 3486 iudiciorum

661 3518 881 3588 nichilominus
900 3520 1050 3603 omnium,
1072 3528 1110 3589 ut
1130 3529 1180 3589 est
1200 3522 1241 3591 do
1261 3522 1471 3598 contentione,
1493 3521 1694 3607 percussione
1709 3527 1743 3589 et
1757 3521 1842 3588 omni
1863 3520 2037 3606 cambone,
2059 3525 2094 3587 et
2113 3519 2214 3588 ecum

662 3621 776 3710 eapitis
797 3622 1008 3706 truncatione,
1030 3625 1080 3694 vel
1100 3625 1315 3711 suspensione,
1337 3642 1466 3693 suornm
1488 3631 1615 3693 matum
1636 3624 1800 3692 bominum
1821 3623 1898 3691 inibi
1920 3623 2139 3706 uisendum,
2160 3622 2216 3690 ab

660 3721 729 3793 bau
750 3721 907 3807 Lubensi,
941 3728 979 3791 ut
999 3724 1057 3795 hec
1078 3726 1261 3811 exequenda
1280 3727 1433 3797 advocato
1455 3727 1506 3796 cui
1527 3727 1663 3795 voluerit
1683 3726 1841 3809 conferat,
1869 3726 2022 3795 tradimus
2043 3725 2216 3795 auctorita·

662 3823 736 3896 tem
762 3822 798 3893 Si
818 3843 893 3895 vero
914 3825 955 3895 de
972 3827 1087 3897 iudicio
1109 3830 1222 3915 capitis
1243 3836 1279 3898 et
1298 3829 1440 3916 qualibet
1459 3849 1576 3915 magna
1597 3832 1762 3915 nuatione
1783 3829 1879 3898 luent
1900 3829 2037 3915 placatio
2063 3827 2213 3910 facienda,

662 3933 699 3997 nt
718 3947 756 3999 eo
776 3929 883 4016 potior
902 3931 1054 4000 memoria
1072 3934 1178 4002 animo
1198 3940 1307 4002 nostre
1328 3934 1395 4015 liat,
1417 3932 1527 4002 abbati
1547 3932 1685 4001 Lubensi
1708 3933 1852 4002 totaliter
1874 3932 2080 4002 concedimus
2104 3932 2214 4002 lione

662 4037 728 4101 ιιιιι
741 4032 842 4102 eciam
857 4032 1025 4117 specialem
1039 4034 1072 4101 in
1087 4036 1197 4104 mdem
1211 4034 1340 4104 cintate
1361 4035 1539 4103 habendam
1560 4035 1624 4103 mm
1645 4035 1732 4104 dicto
1750 4036 1874 4118 abbati,
1897 4035 1937 4103 ob
1959 4035 2031 4103 fidei
2052 4054 2217 4120 argumen-

664 4137 731 4203 aa
752 4133 900 4202 libertate
921 4135 1105 4221 muniendo,
1128 4157 1200 4206 cum
1222 4138 1307 4206 omni
1329 4136 1469 4207 utilitate
1490 4138 1661 4206 concedere
1682 4140 1871 4207 curavimus.
1914 4137 1949 4206 Si
1969 4158 2031 4223 qun
2051 4158 2125 4208 vero
2146 4157 2219 4208 con·

662 4235 762 4304 tentio
783 4236 868 4304 inter
888 4236 1114 4307 Tbeotonicnm
1133 4247 1168 4308 et
1189 4241 1343 4310 Polonum
1365 4247 1437 4309 orta
1456 4241 1555 4310 fuerit
1588 4250 1623 4310 et
1654 4262 1761 4311 coram
1794 4243 1946 4311 advocato
1974 4244 2057 4312 dicte
2079 4243 2217 4311 cinaris

661 4354 724 4406 non
745 4340 864 4424 poterit
884 4340 1031 4408 diffiniri:
1069 4350 1107 4411 ut
1128 4346 1295 4429 utriusque
1313 4347 1472 4414 senmntia
1499 4346 1540 4411 ad
1566 4346 1684 4412 nullius
1706 4352 1814 4431 preter
1846 4352 1988 4414 nostram
2020 4347 2218 4416 audientiam

661 4439 767 4510 venire
788 4442 904 4526 valeat,
926 4445 959 4510 in
981 4450 1087 4514 castro
1109 4453 1216 4515 umen
1237 4449 1456 4533 propinquiori
1474 4468 1546 4517 cum
1567 4449 1609 4518 ad
1626 4451 1731 4534 ipsum
1746 4450 1989 4535 pervenerimus,
2012 4452 2155 4518 volumus
2171 4452 2218 4518 in·

661 4543 852 4614 violabiliter
872 4547 1042 4615 observari.
1088 4550 1221 4635 insuper
1241 4553 1338 4618 etiam
1361 4558 1471 4618 notum
1493 4552 1626 4620 iacimus
1648 4552 1794 4619 omnibus
1816 4560 1881 4622 um
1903 4553 2101 4640 presentibus
2122 4573 2218 4639 quam

661 4644 791 4730 tuturis,
826 4648 911 4734 quod
940 4667 998 4732 pro
1019 4652 1126 4719 anima
1146 4654 1254 4737 patrui
1273 4655 1335 4720 mci
1352 4654 1534 4738 supradicte
1555 4653 1663 4721 domui
1684 4655 1832 4722 videlicet
1854 4655 1991 4723 Lnbcnsi
2012 4657 2046 4722 in
2066 4659 2130 4725 mm
2153 4675 2219 4723 me·

661 4758 783 4817 morato
805 4749 930 4819 deserto
951 4751 1013 4819 duo
1036 4754 1124 4823 milia
1144 4774 1343 4840 mansorum,
1379 4757 1571 4824 Theotonico
1600 4758 1668 4825 iure
1699 4758 1763 4826 iam
1783 4757 1871 4825 dicto
1889 4758 2109 4842 locandorum,
2148 4779 2219 4830 cum

661 4852 746 4922 omni
764 4853 905 4921 utilitate
930 4860 964 4921 ct
984 4854 1133 4925 libertate
1155 4859 1319 4925 tradimus.
1340 4858 1387 4926 Ut
1401 4866 1508 4927 autem
1523 4861 1625 4927 omnis
1647 4860 1905 4926 contradictionis
1919 4862 2111 4930 occasionem
2132 4862 2220 4931 aute·

661 4973 782 5038 umus,
817 4957 875 5024 bos
897 4963 995 5025 testes
1016 4958 1216 5042 adhibemus,
1246 4961 1367 5029 scilicet
1388 4963 1569 5047 episcopum
1591 4962 1835 5030 Posnnnicnsom
1857 4962 2008 5048 Paulum,
2040 4964 2219 5034 Servatium

662 5059 869 5128 ostensura
890 5061 930 5127 dc
952 5060 1072 5143 Nalrel,
1101 5062 1276 5130 Martinam
1299 5064 1476 5148 tribunum,
1496 5065 1697 5148 Peregrinum
1721 5072 1956 5150 procuratorem
1978 5065 2084 5151 ducis,
2104 5067 2220 5135 Βοιιιο-

662 5166 767 5231 numm
785 5163 992 5231 mstcllauurn
1014 5163 1054 5232 de
1076 5164 1169 5249 Uscc,
1193 5166 1346 5234 Bozatam
1362 5167 1603 5251 subpincernam
1620 5167 1719 5250 ducis,
1743 5167 1928 5237 Hunncam
1942 5168 2088 5238 ιιιιιειιι
2101 5171 2142 5238 dc
2157 5170 2220 5237 La·

662 5280 722 5334 cna
741 5283 812 5333 cum
834 5284 925 5336 sacro
946 5266 997 5334 eui
1016 5265 1198 5338 Conventus
1219 5271 1366 5357 collegio,
1403 5271 1626 5341 Evemaadum
1647 5271 1799 5355 militam,
1836 5273 2051 5343 Alexandrum
2069 5275 2220 5355 militem,
