4574 6240
658 467 710 546 24

660 667 879 739 miserioonlia
899 663 1091 733 sententiam
1112 661 1241 744 tundat,
1263 658 1405 728 infernus
1425 677 1497 726 eam
1518 658 1624 725 vinnm
1646 658 1706 724 nisi
1729 656 1902 742 resipuerit
1921 654 2099 722 absorbeat
2122 656 2214 730 Anno

658 771 826 840 millesimo
857 767 1028 836 obtelmo
1061 763 1318 850 quinquagesimo
1351 761 1457 842 tortio,
1486 759 1645 842 Bolealao,
1675 759 1845 840 Mesieone,
1872 757 2034 839 Heinrieo,
2064 758 2216 831 iratribus

658 873 817 959 germanis
837 873 869 938 in
891 868 1022 938 Polonia
1040 864 1289 952 principantibus
1309 868 1384 930 aeta
1404 868 1480 929 sunt
1500 861 1559 929 bec
1579 880 1601 926 a
1620 860 1762 929 Iohanne
1790 865 1900 928 sancte
1922 859 2096 927 Gneamsis
2117 864 2215 932 eoele-

506 1002 511 1014 ·
659 977 706 1045 sie
736 974 909 1043 venerabili
940 969 1164 1056 arehipmsulo,
1197 968 1287 1034 caius
1316 967 1413 1032 etiam
1440 963 1536 1048 sigilli
1562 963 1758 1048 inpressione
1783 963 1909 1048 signate
1929 969 2006 1030 suant
2030 963 2087 1030 beo
2108 964 2215 1036 littere

659 1077 719 1146 sub
739 1075 927 1163 privilegiali
948 1073 1104 1153 cantione,
1126 1069 1261 1137 testibus
1282 1067 1428 1134 omnibus
1449 1065 1646 1132 subnotatis:
1690 1065 1841 1132 Ilnslmno
1872 1065 2071 1146 concellaria,
2104 1064 2217 1136 Willo-

660 1181 766 1250 holmo
787 1178 927 1259 custode,
948 1174 1101 1260 magistm
1123 1170 1281 1250 Folberto,
1302 1169 1455 1252 magistro
1476 1166 1639 1251 Stephano
1660 1173 1694 1234 et
1708 1167 1758 1234 his
1772 1166 1956 1235 comitibus:
1980 1168 2142 1249 Ztresone
2157 1169 2219 1238 Pa·

663 1283 809 1364 eozlnno,
843 1279 1004 1363 Predwoy,
1036 1275 1243 1356 Brodizlawo,
1271 1272 1452 1356 Dirsyemo,
1475 1270 1666 1354 Dobrognet,
1689 1269 1838 1353 Iohanne,
1859 1269 2041 1352 Gerwmalo,
2064 1270 2216 1354 Bogrmm,

581 1468 584 1473 ,
662 1385 826 1472 Mysioone
844 1382 1028 1462 Pomerano,
1050 1378 1211 1459 ΡτεάῑΙαο,
1233 1375 1365 1443 Th0mn

768 1486 889 1554 Notum
907 1485 951 1552 sit
970 1483 1126 1562 omnibns,
1159 1480 1243 1564 qaod
1263 1479 1329 1545 dux
1349 1477 1522 1545 Bolezlaus
1541 1476 1642 1544 irater
1662 1476 1832 1544 blesimnis
1853 1475 1989 1543 eontulit
2010 1475 2102 1543 beato
2123 1473 2219 1544 Petro

659 1589 768 1658 villum
782 1589 908 1656 nomine
922 1585 1084 1666 Mantheu,
1099 1583 1269 1650 Predzlaus
1283 1586 1376 1664 poter
1388 1578 1515 1646 Chebde
1536 1577 1695 1660 Gloviaov,
1728 1578 1867 1645 Pmdota
1887 1576 2034 1659 Vereniz,
2067 1577 2218 1671 Preluoy

660 1693 859 1774 Loseuniam
888 1689 1080 1757 Brodizlaws
1101 1686 1226 1766 Olmno,
1254 1703 1334 1750 uxor
1355 1681 1481 1750 Zbiludi
1502 1681 1684 1749 Gostizlnve
1704 1685 1739 1748 et
1759 1679 1917 1762 Kosekov,
1948 1679 2006 1746 tilii
2028 1680 2096 1745 eius
2119 1679 2219 1765 Copr·

660 1797 738 1877 vioe,
770 1793 976 1862 bloerhonoz:
1014 1789 1181 1856 municas
1201 1793 1236 1854 et
1252 1787 1378 1867 Petrus,
1400 1784 1542 1870 Ogerius.
1586 1784 1631 1851 Et
1653 1783 1713 1851 hee
1742 1789 1820 1851 sunt
1846 1782 1922 1850 ville
1943 1801 2077 1866 quarum
2097 1782 2218 1853 (lemme

660 1898 807 1966 adtinent
828 1895 957 1964 ecclesie
978 1893 1064 1960 beati
1082 1891 1187 1958 Petri:
1223 1889 1408 1973 Bnrtozege,
1429 1886 1564 1972 Slosym,
1585 1887 1720 1968 Buooue,
1753 1885 1892 1967 Thuran,
1924 1885 2126 1970 Dambegora
2143 1886 2219 1953 Plri-

661 2000 750 2085 lippi,
771 1997 982 2078 Dambroviei
1015 1993 1187 2074 Slnehowo,
1220 1990 1409 2071 Domabore,
1439 1989 1622 2074 Oohualyno,
1655 1989 1835 2070 blotenano,
1867 1986 2060 2069 Blisoosu'ce
2094 1988 2217 2080 Iokno,

663 2100 834 2180 ciendino,
869 2098 1000 2178 eonino,
1031 2094 1163 2176 Crosno,
1195 2093 1375 2174 Moeronoz,
1411 2091 1616 2176 Copriwoino.
1666 2090 1769 2174 Igitur
1800 2089 1922 2175 siquis
1954 2089 2013 2158 hee
2045 2090 2218 2174 violaverit,

661 2202 833 2272 anathema
852 2200 905 2268 sit

632 2462 636 2470 .
766 2405 918 2492 Erglzko,
939 2405 1090 2484 lipielsko.
1110 2400 1299 2481 Ztrnssono,
1323 2401 1502 2464 sommo.
1522 2395 1734 2482 Pogengrozs,
1756 2397 1942 2478 Pompam.
1965 2395 2088 2479 Loknn,
2103 2400 2217 2466 leena.

665 2509 829 2590 linnthes,
851 2512 978 2594 Meton.
1000 2504 1164 2586 Glosioov,
1191 2504 1339 2580 etonem.
1360 2499 1505 2583 Verenin,
1533 2503 1730 2576 Wimem'oo,
1749 2498 1918 2582 Loseunis,
1940 2499 2217 2584 rosensensis,

672 2615 788 2680 eobo.
833 2608 1024 2684 Gestinlave,
1056 2610 1139 2671 mole
1176 2606 1365 2686 Goicteszpn.
1408 2601 1566 2684 Kasalos,
1599 2607 1777 2669 Koczlono.
1821 2602 1985 2688 copriviee
2017 2601 2218 2687 (Copriveino

666 2700 763 2794 nim)
785 2715 854 2780 deii
873 2715 1101 2793 Potrzpsmioa
1134 2706 1336 2788 Moerhonoz,
1360 2708 1555 2786 Matronoop.
1577 2704 1763 2790 Bortorege,
1783 2708 1989 2784 Banoonm.
2012 2704 2147 2789 Slosym,
2168 2711 2220 2771 nie

662 2821 861 2899 οαροᾰηὶωιι.
883 2814 1028 2895 Bueoue,
1051 2816 1201 2878 meronie.
1222 2808 1360 2890 lberto,
1384 2811 1494 2873 marzo.
1517 2806 1718 2892 Ilumbogom
1738 2807 1887 2894 Philippi,
1901 2811 2098 2887 Bembopora
2119 2807 2218 2876 Dam-

662 2918 801 3000 brorrlei,
822 2920 978 3004 lintrem
1012 2913 1186 2995 Slaehono,
1207 2915 1392 2977 muclone.
1426 2908 1614 2992 Domabore,
1636 2913 1810 2976 Boaobarz.
1847 2908 2032 2993 Oehutlpno,
2067 2913 2217 2978 Oclodzo.

663 3020 855 3102 Mursense,
879 3021 1061 3085 Morolcoroo.
1104 3015 1297 3095 Bliseouiee,
1319 3018 1404 3078 note
1424 3016 1555 3094 Blitpee.
1602 3010 1773 3095 cimelinn,
1800 3016 1925 3078 czerlia
1972 3010 2220 3095 Oonino,1(oni·

663 3127 732 3191 nek.
777 3121 909 3204 Omsno,
933 3121 1063 3188 Krotno.

1253 3509 1256 3515 ¹
1355 3411 1430 3496 Nr.
1465 3407 1533 3496 19.

767 3612 977 3698 hilarum
1012 3608 1261 3693 Mmmomm
1291 3609 1493 3712 imperator
1528 3609 1596 3689 eto.
1622 3626 1652 3689 s
1683 3605 1779 3688 aa
1815 3605 1906 3688 etl
1940 3607 2075 3706 (1157,
2107 3604 2218 3713 Sept)

665 3734 848 3803 Waltuldum
878 3731 1026 3801 abbatem
1056 3730 1097 3798 de
1120 3729 1242 3814 Corvey
1274 3727 1466 3796 devictoris
1485 3745 1582 3813 saper
1600 3725 1737 3794 Polonos
1757 3731 1924 3812 reportata
1945 3727 2111 3794 certiorem
2130 3727 2219 3796 iuuit

769 3833 911 3903 Moribus
931 3845 961 3901 et
983 3837 1120 3899 momen
1151 3837 1247 3898 Veter.
1270 3831 1423 3913 Scriptor.
1445 3840 1475 3897 et
1496 3839 1675 3897 memorent
1697 3835 1810 3896 oolleot
1837 3831 1887 3897 ΙΙ.
1902 3850 1937 3912 p.
1956 3833 2033 3897 594.
2049 3866 2093 3881 -
2114 3835 2219 3897 Noru-

663 3943 797 4017 mniez,
820 3941 933 4003 Hister.
956 3939 1030 4000 Nar.
1052 3935 1211 4016 Polelciepo
1240 3936 1293 3999 W.

769 4139 807 4209 F.
822 4139 882 4207 Dei
892 4138 997 4224 gretia
1006 4138 1221 4206 Romanorum
1233 4139 1407 4222 imperator
1416 4143 1451 4205 et
1461 4156 1586 4222 semper
1594 4142 1758 4222 angustus,
1775 4136 1890 4206 dilecto
1901 4154 1960 4205 sno
1972 4137 2023 4204 W.
2036 4137 2220 4206 Carteiensi

664 4249 698 4312 et
719 4240 901 4310 Stubulensi
928 4239 1037 4308 abbati
1068 4240 1204 4324 gratiam
1222 4259 1314 4308 suam
1336 4248 1370 4308 et
1390 4258 1482 4308 omne
1502 4240 1629 4308 bonnm.
1674 4242 1831 4320 Quantam
1852 4241 1887 4307 in
1905 4241 2104 4325 expeditione
2126 4240 2219 4309 Polo·

663 4345 746 4427 nien,
768 4361 864 4428 quem
892 4362 993 4428 anper
1018 4343 1154 4426 gloriose
1172 4343 1361 4427 peregimus,
1384 4342 1491 4409 divim
1521 4343 1625 4427 pietas
1643 4343 1779 4426 gatiam
1800 4341 1892 4410 nobis
1914 4342 2095 4426 contulerit,
2117 4362 2220 4429 quan·

664 4453 737 4515 tuve
757 4444 860 4531 gloria
881 4450 915 4512 et
936 4444 1055 4511 honore
1078 4444 1255 4512 mnarum
1281 4444 1448 4530 imperinm
1470 4444 1668 4526 exaltaverit,
1687 4443 1799 4512 Poloni
1817 4445 1877 4513 sub
1898 4446 1973 4529 ingo
1994 4445 2219 4513 dominationis

572 4595 594 4622 u
634 4618 638 4624 ,
662 4554 772 4616 nostm
797 4547 921 4615 reducti
941 4551 1170 4633 pmtestantnr,
1200 4552 1234 4614 et
1254 4565 1312 4614 nos
1334 4565 1397 4630 quo
1418 4546 1542 4630 plenius
1561 4563 1727 4630 possumus
1748 4546 1911 4614 dilectioni
1932 4553 1988 4614 tue
2008 4543 2155 4615 duxinms
2177 4546 2220 4614 si·

619 4646 886 4737 ¹'gnifieantlum
908 4649 1041 4716 Polonia
1063 4649 1206 4732 quamvis
1228 4655 1298 4716 arte
1316 4656 1350 4717 et
1370 4655 1487 4716 nature
1508 4648 1677 4716 mmodum
1696 4648 1821 4715 munita
1841 4655 1936 4732 esset,
1952 4655 1992 4716 ut
2004 4657 2220 4718 anteoessores

662 4753 765 4821 nostri
793 4771 883 4837 reges
912 4756 946 4819 et
974 4752 1181 4836 imperatores
1205 4751 1258 4817 vix
1276 4769 1393 4834 magna
1413 4750 1602 4818 difficultate
1624 4751 1666 4818 aa
1683 4749 1814 4835 fluvium
1835 4750 1973 4820 Odorem
1991 4753 2219 4837 pervenissent,

663 4872 723 4923 nos
744 4859 851 4921 tamen
871 4853 905 4919 in
926 4853 1045 4921 virtute
1065 4851 1217 4936 Deloue
1237 4852 1405 4920 visibiliter
1424 4871 1482 4920 nos
1495 4853 1657 4937 precessit,
1680 4852 1841 4922 mmmm
1856 4853 1994 4936 illumm,
2017 4872 2096 4939 qum
2114 4855 2148 4921 in
2163 4873 2220 4922 an·

661 4957 765 5042 gustis
786 4955 863 5024 loeis
884 4955 1007 5039 precisa
1033 4953 1181 5021 arborum
1210 4953 1369 5020 densitate
1389 4952 1531 5022 fenerant
1551 4960 1585 5021 et
1605 4973 1722 5038 magna
1742 4955 1860 5039 ingenii
1881 4957 1965 5024 mole
1984 4956 2220 5037 obstruxerant,

662 5056 907 5142 penetravimus,
938 5061 973 5123 et
998 5055 1033 5122 in
1062 5061 1175 5122 oetam
1199 5055 1434 5141 Assumptionis
1462 5062 1572 5124 sanate
1597 5056 1699 5124 llarie
1719 5055 1850 5124 flavium
1870 5056 2019 5139 Odemm,
2040 5057 2096 5143 qui
2118 5063 2220 5125 totam

663 5166 781 5227 meram
810 5159 899 5226 illam
930 5157 1023 5243 qnasi
1054 5177 1145 5224 muro
1172 5156 1273 5224 vallat
1303 5163 1338 5226 et
1364 5158 1580 5244 pmlnnalitate
1601 5177 1661 5226 sas
1676 5177 1786 5228 omnes
1806 5160 1947 5229 monuit
1969 5161 2083 5243 nalitus,
2106 5166 2220 5228 eontra

662 5279 751 5347 spem
771 5259 962 5328 Polonorum
992 5278 1063 5327 eum
1092 5261 1177 5327 omni
1203 5260 1344 5329 exercitu
1371 5267 1481 5329 nostro
1503 5262 1718 5330 uunnmmas.
1761 5261 1865 5331 Tanta
1882 5264 1967 5330 enim
1985 5270 2056 5332 erat
2073 5261 2220 5330 omnibns

669 5363 855 5431 masmae
877 5362 1023 5446 aviditas,
1044 5367 1083 5429 ut
1103 5362 1159 5429 alii
1180 5361 1343 5448 profundis
1364 5362 1543 5448 gurgitibus
1564 5382 1600 5432 se
1619 5365 1851 5452 immergerent,
1872 5365 1929 5434 alii
1950 5383 2024 5433 vero
2039 5370 2221 5433 transnato·
