4574 6240
1840 392 1885 465 lt

345 607 529 684 donaciones
550 601 664 668 ducum
687 619 725 668 ac
742 599 879 666 militum
900 598 1039 678 Paionia,
1062 616 1124 683 que
1145 597 1186 666 ad
1208 597 1356 665 honoiem
1378 597 1437 663 Dei
1456 602 1491 664 et
1514 595 1600 664 beati
1620 594 1784 664 Arlalberti
1805 613 1890 662 mer·

347 714 424 804 tyris
436 705 680 786 veneracionem,
690 703 821 771 ecclesio
835 702 1069 769 Clrorouusensi
1085 702 1117 768 iu
1132 702 1304 769 subsidium
1319 702 1363 767 ibi
1377 701 1445 768 Deo
1460 700 1663 780 sorvioncium
1677 704 1753 766 sunt
1766 697 1891 780 aillete,
1959 738 1962 744 ι

346 821 471 904 omnum
489 809 636 876 duximus
656 807 722 873 suis
743 806 903 873 rombulis
923 806 1150 890 exprimendas.
1175 805 1384 872 Cheremoeuo
1406 824 1476 873 cunr
1500 803 1677 870 homiuibus
1698 809 1732 871 et
1744 802 1890 871 ommbus

347 923 410 994 mis
423 912 626 993 utilitatibus,
639 910 784 977 videlieet
797 928 868 976 cunr
883 908 1104 975 verreeiouibus
1118 908 1299 992 indagimm
1314 927 1352 976 ac
1367 907 1556 992 pelicanum,
1576 925 1648 974 eum
1662 905 1802 986 lacubus,
1817 925 1890 975 cum

348 1017 518 1097 mallilldis,
531 1034 601 1083 cum
613 1014 774 1082 thabemis
784 1018 818 1079 et
828 1012 888 1079 hac
899 1012 1056 1092 libertate,
1069 1012 1154 1095 quod
1168 1012 1246 1079 nulli
1259 1012 1298 1080 ud
1310 1011 1503 1096 presenciam
1513 1016 1655 1077 nostram
1667 1009 1716 1075 vel
1728 1008 1892 1076 castellani
1921 1062 1922 1065 ,

346 1125 393 1196 vei
406 1119 540 1209 pelotini
554 1118 603 1186 nel
619 1118 751 1185 altadus
765 1115 866 1183 nostri
880 1115 991 1182 iudicis
1006 1115 1097 1181 citati
1113 1121 1261 1182 tenemur
1274 1114 1471 1200 respondere,
1487 1114 1549 1180 nisi
1563 1113 1650 1198 prius
1665 1118 1774 1179 nostro
1788 1112 1891 1196 sigillo

346 1223 471 1317 speciali
491 1221 610 1289 fuerim
631 1219 807 1305 provocati3
830 1224 1019 1302 nostrosque
1039 1224 1204 1285 renueret
1227 1238 1283 1286 seu
1304 1237 1399 1286 canes
1412 1235 1573 1302 nunquam
1587 1234 1716 1300 pnsoere
1731 1223 1892 1299 cogentur.

347 1326 553 1402 nomicidium
571 1324 599 1391 si
618 1328 834 1409 perpetratum
855 1319 952 1387 inerit
976 1320 1061 1388 inter
1085 1320 1227 1388 homines
1253 1321 1397 1402 ecclesie,
1424 1326 1495 1387 tota
1524 1338 1621 1387 cause
1641 1321 1801 1403 preposito
1822 1337 1893 1403 spe·

349 1432 464 1512 ctebit3
487 1429 515 1496 si
541 1446 614 1494 vero
638 1427 718 1494 liber
742 1424 893 1491 occiderit
915 1422 1073 1492 homiuem
1094 1423 1234 1506 ecclesio,
1256 1430 1354 1509 ceput
1374 1443 1432 1508 pro
1458 1423 1562 1507 capite
1589 1421 1710 1503 reddet,
1734 1427 1791 1490 aut
1814 1439 1895 1506 pene

325 1556 407 1627 .que
423 1531 594 1619 porodstvo
626 1529 742 1596 dieitur
763 1526 947 1594 subiacebit
991 1526 1026 1593 Si
1054 1532 1161 1595 autem
1190 1527 1322 1594 liberum
1350 1527 1500 1594 occiderit
1525 1526 1618 1593 homo
1642 1525 1783 1606 ecclesie,
1804 1530 1895 1592 ector

347 1637 526 1729 porodstvo,
548 1633 726 1718 prepositus
746 1649 821 1697 vero
840 1631 1005 1714 pecuniam
1026 1629 1060 1696 iu
1081 1648 1119 1696 eo
1140 1630 1284 1714 accipiet.
1322 1629 1403 1696 Item
1429 1630 1544 1698 Palace
1567 1629 1644 1697 villu
1669 1648 1741 1697 eum
1762 1626 1894 1695 lacubus

347 1749 381 1813 et
410 1738 553 1808 omuibus
585 1737 651 1803 suis
682 1733 885 1802 utilitatibus.
927 1731 1038 1799 Luben
1067 1732 1155 1799 lacus
1172 1738 1260 1799 tobis
1282 1751 1352 1799 cum
1373 1732 1438 1800 vila
1458 1733 1604 1818 Popelov.
1648 1731 1784 1799 Velatov
1801 1730 1892 1798 lacus
1960 1788 1962 1790 ,

349 1852 433 1915 totas
459 1859 531 1909 cum
559 1839 634 1907 villa
660 1844 694 1906 et
715 1837 817 1921 tribus
849 1834 997 1918 sortibus,
1029 1834 1176 1902 videlicet
1200 1834 1363 1904 Sellicovo
1394 1843 1428 1905 et
1454 1836 1622 1903 Robacovo
1651 1841 1686 1902 et
1712 1834 1894 1902 Mislemvo.

350 1943 578 2018 maculans
599 1948 687 2009 tonus
718 1959 789 2008 cum
821 1937 942 2006 duabus
976 1938 1059 2006 villis
1092 1939 1371 2023 superiacentibus.
1415 1939 1555 2007 Donado
1576 1957 1650 2006 vero
1672 1939 1724 2024 pie
1744 1936 1894 2006 memorie

350 2049 448 2139 petris
468 2046 570 2114 nostri
586 2043 744 2112 Boleslavi
765 2043 864 2118 ducis,
891 2041 1038 2108 Inorlodz
1066 2042 1200 2109 ecclesia
1228 2041 1315 2110 beati
1335 2042 1441 2127 Epidii
1463 2061 1534 2109 eum
1556 2042 1679 2110 duabus
1698 2042 1796 2123 villis,
1822 2059 1894 2108 cum

350 2150 519 2232 thabemiu,
539 2167 610 2217 cum
632 2146 786 2214 tbeloueis
807 2164 864 2231 per
884 2146 987 2230 ipsum
1008 2143 1148 2227 fluuium,
1168 2144 1318 2230 Predbor,
1348 2148 1382 2213 iu
1411 2145 1556 2230 Sulugev,
1582 2147 1617 2213 in
1639 2147 1709 2230 ipso
1734 2144 1895 2214 luorlodr.

352 2256 431 2326 Cum
451 2271 526 2321 vero
545 2270 603 2319 uos
624 2257 659 2318 et
678 2249 780 2318 irater
798 2254 908 2318 noster
932 2249 1097 2317 Bolesleus
1122 2249 1187 2317 dux
1213 2249 1356 2319 Maaovie
1383 2256 1418 2317 et
1446 2248 1576 2317 Ouievie
1600 2256 1787 2317 conventum
1815 2247 1896 2316 cela·

351 2360 527 2430 munemne
546 2357 582 2423 in
606 2354 758 2435 Quecisov
783 2373 841 2440 pro
866 2354 1009 2438 parcium
1036 2354 1193 2436 tenuinis,
1225 2351 1325 2422 freter
1352 2361 1461 2421 noster
1486 2351 1629 2438 prefatus
1660 2353 1811 2434 Quocisov
1839 2369 1896 2418 sue

351 2462 464 2532 dicioni
485 2459 595 2528 cedere
612 2457 747 2541 volebat,
763 2476 883 2542 uosque
897 2463 1005 2525 nostm
1018 2456 1155 2525 dominio
1170 2457 1311 2542 redigere
1323 2457 1504 2526 volebamus
1517 2456 1666 2538 eandem;
1680 2462 1758 2523 tuno
1770 2454 1898 2522 ducisse

352 2566 474 2636 sdome
494 2584 516 2632 e
536 2561 625 2630 uobis
651 2559 725 2627 filiis
751 2561 817 2627 suis
843 2554 987 2645 utrisque
1015 2579 1107 2645 prece
1128 2560 1266 2627 obtinuit
1286 2567 1324 2628 ut
1344 2560 1405 2627 sibi
1425 2579 1496 2629 eam
1515 2559 1736 2641 conferremus,
1758 2557 1843 2644 qaod
1863 2562 1898 2625 et

352 2667 489 2749 eamn,
511 2683 607 2748 quum
627 2664 772 2750 protinus
794 2663 923 2731 ecclesie
944 2663 1106 2731 nominate
1126 2663 1261 2731 contulit
1284 2670 1319 2731 et
1343 2663 1423 2731 duas
1447 2668 1549 2730 sortes
1574 2663 1604 2730 ei
1625 2662 1815 2743 ndiaoemim
1837 2661 1898 2728 sei·

352 2771 427 2840 lieet
457 2769 616 2854 Oseyeovo
650 2772 685 2834 et
712 2767 882 2848 Pnstviu03
917 2766 1025 2834 sillem
1053 2767 1150 2834 etiem
1180 2765 1284 2835 Ceber
1311 2762 1383 2835 eum
1411 2766 1479 2834 iore
1505 2767 1535 2834 ei
1560 2765 1779 2835 accumulavit.
1830 2762 1898 2831 Nos

353 2891 475 2961 quoque
495 2872 600 2954 duces,
619 2871 735 2953 liesca,
750 2870 925 2952 Boleslnus,
946 2869 1135 2953 Kesimirus,
1156 2869 1334 2938 homiuibus
1353 2871 1387 2937 in
1398 2871 1548 2952 Queoisov
1568 2870 1754 2956 degentibus
1774 2886 1899 2937 omnem
1980 2903 1981 2907 =

352 2977 530 3046 libertatern
551 2975 741 3043 contulimus
762 2992 816 3043 eos
838 2974 880 3043 ab
900 2974 1045 3041 omnibus
1067 2974 1195 3042 tributis
1217 2974 1424 3057 absolventes,
1445 2974 1591 3041 videlicet
1611 2994 1632 3042 a
1650 2979 1764 3055 strose,
1786 2970 1899 3056 epod·

354 3098 476 3162 rorem,
509 3099 537 3147 e
560 3098 667 3161 amaa,
701 3098 722 3146 a
752 3077 912 3164 povolore,
945 3098 966 3146 a
997 3078 1095 3146 castri
1116 3076 1316 3146 edificacione
1336 3096 1394 3145 nee
1412 3096 1476 3145 non
1496 3077 1537 3144 eb
1562 3075 1771 3162 expedicione.
1814 3074 1900 3142 lium

353 3201 426 3252 raro
447 3189 527 3268 aput
548 3181 696 3250 Gueaden
718 3181 878 3250 civitatem
900 3199 1050 3264 essemus,
1072 3181 1179 3248 Mesoa
1200 3187 1234 3248 et
1254 3181 1418 3249 Bolosleus
1439 3187 1473 3248 et
1492 3179 1608 3248 batres
1629 3181 1731 3247 nostri
1744 3178 1901 3246 Hernicus

240 3349 244 3358 .
354 3293 388 3356 et
406 3285 584 3355 Keslminrs
609 3285 714 3368 duces,
741 3284 894 3370 capellam
920 3291 1031 3354 sancte
1054 3284 1157 3353 Marie
1189 3291 1267 3371 aput
1294 3284 1476 3353 Lanciciam
1504 3283 1538 3350 in
1567 3289 1674 3351 monte
1698 3283 1803 3363 sitam,
1829 3299 1902 3348 eum

354 3388 430 3458 rllla
450 3389 550 3475 ipsius
579 3388 697 3456 montis
728 3394 762 3456 et
786 3388 864 3457 villa
888 3388 922 3456 in
947 3388 1086 3456 Lubnice
1113 3407 1184 3456 cum
1209 3388 1386 3456 bominibus
1411 3386 1583 3455 eeclodnici
1608 3393 1643 3454 et
1666 3385 1744 3454 ville
1775 3385 1901 3466 Osuor,

355 3491 483 3578 iusuper
503 3490 715 3560 molendinum
735 3510 794 3576 per
814 3491 950 3559 medium
972 3498 1005 3559 et
1026 3490 1141 3560 foralia
1158 3496 1193 3558 et
1215 3491 1396 3558 theloneum
1420 3496 1495 3574 post
1519 3490 1657 3575 quinque
1682 3486 1765 3570 iore;
1794 3504 1902 3555 omnes

309 3623 312 3629 ·
355 3612 429 3663 reno
448 3593 619 3663 theberuas
640 3594 672 3661 iu
697 3600 803 3662 cestro
828 3600 936 3679 preter
957 3595 1112 3662 decimam
1136 3593 1356 3677 ebdomadam,
1387 3593 1534 3661 examina
1561 3611 1736 3674 vomerum,
1763 3608 1845 3675 eque
1868 3596 1904 3657 et

357 3696 500 3781 caldarii,
525 3702 622 3782 etque
647 3697 794 3766 mmuae
818 3696 946 3781 ferrum,
972 3704 1007 3765 et
1027 3716 1140 3783 capam
1160 3698 1194 3763 iu
1216 3695 1369 3764 Crecovie
1388 3695 1430 3764 ed
1443 3713 1592 3779 magnum
1606 3695 1714 3778 selem,
1736 3694 1903 3762 decimam·

356 3817 417 3885 qne
436 3818 550 3868 urnam
572 3800 679 3868 celarii
700 3799 801 3867 nostri
823 3801 856 3866 in
870 3799 1001 3882 Samon,
1015 3819 1074 3885 pro
1089 3799 1226 3867 remedio
1240 3799 1345 3867 anime
1360 3805 1468 3867 nostre
1480 3804 1722 3881 nostrmumque
1735 3803 1905 3882 perentam

356 3900 440 3970 dicto
460 3903 589 3971 ecclesie
609 3905 678 3971 iure
699 3903 890 3972 hereditario
918 3922 956 3972 ec
988 3911 1149 3989 perpetuo⁴
1173 3903 1361 3972 contulimus
1392 3902 1590 3988 possidenda
1635 3900 1760 3969 Salome
1779 3918 1905 3985 qnoque

357 4004 483 4075 ducissa
503 4007 639 4075 eontulit
664 4006 804 4075 Wesnor
828 4007 931 4076 iorum
957 4027 1029 4076 cum
1055 4007 1217 4076 thabernis
1250 4014 1284 4075 et
1315 4006 1447 4075 eeclesia
1478 4005 1520 4074 ed
1544 4005 1795 4091 supplementum
1827 4003 1904 4071 salis

358 4108 486 4179 ecclesie
510 4110 660 4196 predicte.
716 4109 828 4179 Comes
861 4111 982 4179 Shebor
1009 4112 1144 4180 eoumlit
1174 4110 1337 4179 eeclesiam
1364 4108 1479 4177 Corein
1510 4128 1582 4176 eum
1613 4107 1736 4176 duabus
1768 4106 1851 4174 villis
1872 4112 1906 4174 et

275 4283 279 4291 ,
359 4210 500 4280 emaum
531 4213 596 4280 suis
628 4213 830 4281 utilitatibus.
876 4212 987 4281 Comes
1020 4213 1184 4300 Stoyslaus
1206 4213 1341 4281 eontulit
1369 4212 1477 4280 villam
1498 4231 1556 4279 suo
1583 4212 1709 4280 nomine
1734 4211 1906 4278 vocitatam

359 4311 531 4400 Stoyslare.
585 4314 705 4384 Comes.
727 4317 851 4385 Micara
882 4318 1017 4386 eontulit
1048 4318 1159 4386 Iesovo
1188 4336 1285 4404 prope
1322 4316 1469 4385 Wnsnov.
1511 4313 1624 4383 Comes
1652 4315 1799 4382 Nemirns
1831 4332 1906 4382 oon·

362 4416 435 4484 uuit
454 4417 678 4487 Prevadostov.
727 4418 839 4487 Comes
871 4419 1050 4488 Dirsiernus
1083 4421 1218 4489 contulit
1240 4419 1346 4485 villum
1373 4419 1548 4487 Gessacem
1573 4425 1607 4487 et
1633 4417 1811 4486 Conrntovo
1835 4434 1907 4485 cum

360 4515 431 4587 lacu
451 4521 548 4590 (iolse
565 4530 598 4590 et
617 4542 688 4590 cunr
708 4523 852 4591 omnibus
874 4524 940 4590 suis
970 4525 1172 4592 utilitatibus.
1214 4521 1326 4590 Comes
1347 4522 1457 4606 Deguo
1479 4522 1614 4589 eontulit
1638 4520 1810 4589 Otbvoeam
1836 4538 1908 4588 cum

362 4619 460 4690 tribus
481 4625 621 4709 lacubus,
644 4627 692 4694 ita
712 4634 751 4694 ut
770 4627 876 4694 nullus
898 4629 931 4693 in
952 4628 998 4694 eis
1020 4627 1140 4712 aliquid
1166 4627 1243 4694 iuris
1264 4626 1389 4694 habeat.
1429 4623 1541 4693 Comes
1566 4625 1747 4692 Bernardus
1772 4622 1909 4691 contulit

362 4720 468 4794 Selevo
489 4746 561 4796 eum
581 4729 726 4797 omnibus
746 4731 812 4797 suis
832 4731 1035 4798 utilitatibus.
1081 4730 1194 4798 Comes
1213 4730 1357 4797 Sdislaus
1386 4728 1523 4796 eontulit
1547 4728 1627 4796 dues
1652 4727 1754 4808 vidos,
1778 4725 1908 4794 lablooo

363 4832 395 4891 ct
420 4826 563 4913 Zolucon
590 4852 662 4901 enm
694 4832 840 4902 theloneo
873 4839 1001 4902 etcum
1027 4834 1257 4901 omnibussuis
1282 4831 1485 4900 utilitatibus.
1534 4831 1688 4899 Dominus
1718 4828 1909 4898 Vincendus

212 5016 218 5025 ἱ
363 4924 553 5001 (lucanensis
584 4936 751 5004 canonieus
784 4938 920 5005 contulit
950 4937 1149 5004 Bezooristev
1181 4956 1252 5005 cum
1281 4936 1426 5005 omnibus
1451 4935 1518 5003 suis
1542 4934 1744 5002 adflatibus.
1797 4931 1910 5001 Comes

364 5024 513 5102 Troianus
534 5038 668 5105 eontulit
686 5039 911 5107 Pilclrutbeoro
930 5046 964 5107 et
984 5039 1173 5108 Grabonovo
1196 5059 1267 5108 cum
1299 5040 1447 5108 cleruure
1475 5056 1571 5122 super
1602 5036 1747 5105 Wizlam.
1795 5035 1911 5104 Frater

247 5144 251 5153 '
366 5129 430 5198 tius
449 5135 545 5206 lanius
566 5142 701 5209 eontulit
722 5142 849 5210 Strelno
871 5163 942 5210 eum
964 5143 1108 5210 omnibus
1140 5144 1205 5210 suis
1237 5142 1440 5211 uulitntibus.
1484 5139 1597 5208 Comes
1627 5139 1752 5206 Wlosta
1777 5138 1912 5207 contulit

367 5231 469 5306 tilleto
502 5261 559 5309 suo
591 5245 715 5312 nomine
747 5247 919 5314 cecitatem
953 5245 1131 5329 Wlestovo,
1158 5265 1230 5314 eum
1255 5265 1371 5330 magna
1392 5249 1485 5330 parte
1509 5243 1597 5311 lucus
1619 5241 1733 5326 Goplo.
1799 5235 1912 5310 Coma

368 5330 479 5407 Samus
499 5347 634 5416 eontulit
653 5347 808 5416 decimam
828 5348 936 5418 oelnrii
957 5350 1006 5417 sul
1029 5349 1061 5416 in
1083 5349 1216 5416 Konski.
1260 5349 1461 5432 Quum.vero
1486 5346 1583 5416 lenus
1607 5363 1711 5416 eomes
1734 5342 1913 5414 edifioasset

1738 5464 1757 5520 ll
