4492 6224
584 257 658 332 iso

579 461 704 546 edomia
725 461 845 546 stojpep
866 479 885 523 z
903 461 1068 522 zlolonemi
1088 460 1206 542 rskoaii
1222 427 1325 537 p‘rzed
1344 479 1454 548 mara,
1476 481 1519 526 iia
1536 457 1768 542 ktdrcfjliieliclt,
1791 464 1900 541 nupia:
1922 456 1955 526 S.
1977 459 2130 540 Vitaslaoi

581 560 692 631 decani
714 560 869 643 Pozitan.;
885 566 976 648 pieplo
993 562 1197 641 przedstoirio
1218 563 1304 648 θεοὺς
1325 567 1490 650 declama
1512 567 1669 649 riedspcp,
1689 565 1756 643 ped
1779 567 1833 648 nio
1854 567 1946 649 total
1967 567 2053 652 θεοὺς
2073 574 2132 659 ¹⁶¹5·

579 684 677 755 ezipep
696 664 856 752 zinrdronp
876 687 904 728 in
921 683 1037 745 pram,
1056 669 1165 744 tropis:
1187 662 1220 731 S.
1242 663 1388 748 BogiiIuli
1408 664 1555 734 Conteris
1577 664 1715 732 Poznan.

691 770 851 838 Wroclon.
871 770 988 850 Kdriigl
1005 770 1251 844 Stnets.Arcliiu,
1278 770 1413 835 Trebula.
1430 771 1481 834 Nr.
1497 771 1548 833 47.
1569 802 1611 816 -
1637 769 1790 850 Morboeb,
1812 771 2132 854 Wiauomotci,p.15.

682 973 721 1042 In
742 973 869 1041 nomine
889 977 999 1041 saneta
1019 971 1186 1040 Trinitatis
1207 975 1241 1041 ct
1262 972 1421 1042 indiuiduo
1443 973 1585 1042 Unitatis
1606 992 1708 1041 anien.
1745 973 1960 1058 Approbantla
1981 982 2032 1043 est
2052 984 2132 1048 anti·

578 1097 714 1166 quonun
735 1077 964 1162 circumspecta
984 1074 1146 1158 sedulitas,
1169 1093 1231 1160 que
1247 1083 1359 1145 cantra
1373 1077 1567 1161 calumpnias
1582 1082 1616 1143 ot
1630 1077 1812 1145 novercales
1828 1077 1994 1145 oblivionis
2006 1079 2135 1154 insidias

547 1259 553 1275 ,
579 1200 632 1251 res
648 1187 757 1266 gaus
777 1179 951 1249 decreuerit
973 1179 1120 1246 mooun
1142 1178 1294 1263 apicibus,
1323 1187 1361 1246 ut
1388 1187 1586 1265 posterorum
1615 1185 1838 1264 presentarent
1863 1180 2044 1264 aspectibus
2074 1203 2134 1268 qne

579 1285 647 1354 sula
665 1288 741 1352 sunt
761 1288 835 1352 acta
860 1282 1063 1367 temporibus.
1108 1282 1246 1366 ideoque
1277 1283 1390 1351 borani
1415 1283 1566 1368 exemplis
1592 1281 1763 1350 inherendo
1793 1301 1851 1367 ege
1883 1283 2001 1351 Paulus
2030 1284 2136 1358 diuina
2168 1351 2169 1355 ,

579 1387 784 1457 miseracioim
813 1385 1036 1454 Pannoniensis
1064 1388 1231 1470 episeopus
1259 1393 1369 1454 notum
1398 1387 1479 1455 facio
1507 1392 1573 1455 tani
1603 1386 1823 1454 moderarum
1854 1388 2013 1472 presentie
2042 1407 2135 1473 quain

579 1491 758 1561 futurorum
780 1491 961 1576 posteritati
982 1495 1139 1571 secuturo,
1161 1490 1245 1574 quod
1263 1490 1305 1559 ad
1327 1491 1514 1576 peticionem
1536 1489 1655 1558 domini
1673 1489 1803 1557 Heniiei
1830 1489 1965 1557 illustris
1987 1492 2135 1578 principis

578 1594 640 1664 Dei
660 1594 768 1680 gracia
787 1593 876 1662 ducis
898 1593 1010 1675 Zlesie,
1034 1591 1185 1660 Ciooouie
1203 1599 1238 1661 et
1256 1584 1397 1676 Polonie,
1418 1591 1460 1660 ad
1481 1591 1632 1659 honoram
1653 1590 1714 1658 Dei
1735 1598 1769 1660 et
1788 1590 1881 1660 beate
1899 1592 2002 1660 Murio
2014 1611 2137 1680 semper

579 1698 711 1784 virginis
738 1697 887 1786 beatique
915 1694 1128 1777 BartoIomei,
1159 1695 1305 1780 religioso
1333 1695 1509 1766 conventui
1538 1694 1769 1763 Trebniciensia
1792 1695 1914 1764 cenobii
1935 1696 1976 1764 de
1997 1699 2137 1768 unanimi

580 1819 735 1870 consensu
755 1805 790 1869 et
811 1799 968 1868 communi
989 1797 1120 1865 consilio
1143 1796 1283 1882 Capitoli
1304 1797 1368 1866 mei
1389 1796 1570 1866 dedecima
1590 1797 1777 1866 hereditatis
1798 1817 1862 1884 que
1882 1798 2033 1867 Cbociule
2055 1801 2138 1870 circa

580 1902 700 1973 Oioboc
728 1909 930 1989 nuncupatur
957 1900 1156 1986 integraliter
1183 1900 1279 1968 miehi
1306 1907 1471 1986 spectante
1502 1900 1724 1983 condescendi,
1753 1902 1801 1968 ita
1829 1902 1914 1987 quod
1935 1901 1976 1969 de
1996 1902 2138 1997 quoibet

580 2025 692 2076 manao
724 2005 919 2091 llamingieo
951 2009 1017 2072 tras
1043 2021 1189 2071 measure
1218 2001 1427 2086 cremenses,
1456 2003 1603 2073 uidebant
1627 2004 1690 2074 due
1718 2005 1853 2090 siliginis
1878 2011 1914 2073 et
1939 1995 2004 2072 uu'a
2030 2023 2137 2089 aione,

580 2108 677 2178 micbl
698 2114 733 2178 et
753 2107 832 2177 ineis
853 2105 1095 2188 menessoiibus,
1117 2105 1209 2173 annis
1230 2105 1389 2174 libertatis
1411 2107 1591 2190 namnetis,
1614 2107 1850 2192 persolvantur,
1872 2108 2012 2191 exceptis
2031 2105 2137 2176 feoda·

580 2211 665 2282 tibus
685 2211 816 2295 mansis,
838 2210 893 2296 qui
914 2208 1063 2294 prefectis
1082 2207 1229 2276 villarum
1250 2214 1285 2276 et
1305 2208 1448 2293 plebanis
1469 2209 1672 2278 ecclesiarum
1694 2212 1763 2278 iaie
1789 2210 1948 2279 libertatis
1974 2210 2138 2280 conterun-

582 2319 644 2383 tar.
689 2313 740 2383 ile
767 2319 876 2382 anmm
901 2330 1051 2398 processu
1077 2311 1226 2396 temporis
1256 2311 1317 2379 hoc
1346 2310 1466 2380 lactina
1484 2312 1599 2398 aliquia
1620 2318 1791 2398 attemptat
1810 2315 1988 2394 inimumre,
2011 2333 2152 2398 presens,

468 2445 475 2456 ·
582 2416 737 2504 seriptum
757 2415 889 2502 argilla,
911 2433 981 2483 mea
1002 2414 1124 2482 sdbcet
1143 2419 1177 2480 et
1199 2411 1344 2499 Capituli·
1362 2415 1425 2482 mei
1447 2414 1704 2501 prelatorumque
1725 2434 1881 2484 meorum:
1905 2416 2064 2484 Vitozlnvi
2085 2416 2138 2486 de·

583 2519 664 2603 cani,
682 2518 770 2588 Petii
787 2518 1000 2608 mchidaeoni
1021 2523 1056 2586 et
1076 2515 1253 2601 Bogaphali
1275 2517 1423 2601 eantoris,
1446 2518 1576 2604 dignum
1595 2518 1672 2587 duiii
1694 2520 1853 2587 roboreis.
1885 2519 2002 2586 Actum
2023 2521 2057 2586 iii
2079 2519 2140 2588 cii·

580 2620 683 2709 pitulo
715 2620 923 2691 Poananiensi
955 2639 1039 2690 anno
1069 2619 1111 2688 ab
1145 2618 1364 2689 Inoamatione
1396 2621 1524 2689 Domini
1548 2619 1848 2704 iiccfflvm,
1876 2620 1955 2688 xvi
1979 2621 2140 2691 Kalendas

583 2724 788 2813 Septembris,
807 2726 842 2794 iii
861 2730 974 2793 octaua
990 2723 1077 2792 beati
1098 2722 1274 2805 Laurentii,
1297 2723 1356 2792 auh
1378 2726 1539 2810 pinsentis
1559 2726 1672 2793 borani
1696 2725 1836 2807 testium,
1858 2724 2053 2810 prelatorum
2068 2745 2139 2810 pre·

582 2826 740 2896 dictorum
761 2833 796 2896 et
817 2828 951 2896 chorum
979 2827 1152 2895 multorum
1176 2827 1410 2894 canonicorum:
1440 2827 1586 2896 Nicbolai
1614 2827 1762 2896 videlieet
1788 2825 1938 2908 custodis,
1964 2826 2139 2909 Michaelis,

582 2927 716 3012 Heli-ici,
735 2927 864 3012 Petrici,
883 2928 1039 3005 Nicholai
1061 2927 1201 3009 hibeni,
1224 2927 1399 3014 Theophili,
1426 2930 1535 3014 Blasii,
1563 2929 1729 3012 Florentii,
1759 2928 1904 3012 Geraidi,
1934 2928 2080 2997 Nicboloi
2101 2929 2141 2998 de

584 3031 708 3116 dhaes,
728 3030 879 3102 lobannis
898 3032 1007 3100 hauh
1029 3031 1169 3113 Snlistri,
1191 3028 1315 3100 Nicolai
1337 3031 1530 3116 Morokoaia,
1552 3032 1683 3103 Eusebii
1697 3031 1908 3115 subcustodis,
1930 3030 2067 3115 meree
2089 3051 2141 3101 ee·

584 3138 788 3221 terarumque
806 3134 991 3206 deriooroin
1011 3152 1051 3204 aa
1070 3133 1232 3202 laieorum.

686 3337 927 3425 minume,
948 3345 987 3408 a
1012 3341 1186 3408 amaa.
1225 3336 1391 3423 oiooae,
1420 3363 1439 3407 ι
1467 3345 1632 3408 amaia
1651 3311 1824 3407 raama
1860 3338 1991 3423 aione,
2012 3362 2031 3406 ι
2052 3347 2140 3410 aaa.

586 3444 757 3512 Meliboei.
781 3441 979 3527 Graznensis,
1000 3445 1039 3511 de
1059 3443 1188 3520 Krobw,
1210 3447 1336 3508 antea.
1355 3441 1504 3512 mosea.
1538 3443 1662 3528 (iliaca,
1691 3447 1808 3511 diedo
1843 3488 1847 3497 ·

1257 3738 1333 3829 m.
1364 3734 1465 3826 213.

689 3936 923 4022 wladislaus
950 3937 1084 4042 quand
1112 3937 1217 4021 dunis
1245 3935 1379 4021 odonis
1400 3933 1505 4020 illius
1524 3937 1601 4021 dux
1619 3937 1770 4024 Polonie
1789 3940 1923 4022 1238
1941 3960 1973 4024 s.
1991 3941 2027 4022 d
2046 3939 2083 4022 ct
2099 3939 2142 4042 1.;

585 4055 752 4128 confirmat
782 4058 984 4126 donationem
1017 4057 1165 4126 villarum
1197 4075 1277 4142 ques
1303 4073 1381 4124 orus
1413 4073 1490 4123 suus
1518 4058 1583 4126 dux
1611 4058 1736 4127 Mesene
1767 4065 1800 4126 et
1825 4065 1959 4145 patruus
1979 4078 2057 4126 suus
2078 4059 2143 4126 dux

586 4159 779 4228 wladislaus
797 4160 914 4279 Domui
935 4159 1112 4245 Hospitalis
1133 4160 1167 4227 iii
1188 4157 1315 4228 Poinah
1334 4157 1545 4241 contulerant,
1567 4160 1635 4246 ipse
1653 4180 1727 4230 uero
1742 4162 1860 4232 incolas
1875 4180 1984 4282 aarum
1998 4162 2142 4248 pluribus
2236 4274 2240 4283 1

584 4261 981 4444 wewam.
1007 4371 1145 4451 capuae
1164 4370 1226 4435 iii.
1247 4371 1345 4450 pou
1364 4368 1401 4443 n,
1420 4385 1500 4456 pars
1520 4369 1551 4445 2,
1571 4372 1624 4447 sai
1647 4372 1678 4436 i.
1701 4389 1725 4433 v.
1927 4319 1929 4322 Α

688 4571 727 4643 lii
749 4573 876 4642 nomine
896 4579 1007 4642 sancte
1028 4573 1193 4642 Trinitatis
1214 4578 1248 4640 et
1268 4571 1427 4640 individae
1445 4570 1588 4641 Unitetis
1607 4592 1710 4643 amen.
1733 4573 1781 4644 Ut
1801 4593 1840 4644 ea
1852 4593 1916 4661 que
1929 4576 2047 4646 ansuis
2063 4583 2142 4646 tein-

585 4673 714 4761 poribus
735 4681 874 4761 aguntur
894 4682 1092 4763 posteronim
1117 4676 1235 4744 noticia
1257 4681 1488 4761 presentantur,
1517 4676 1773 4761 piedeoessorom
1799 4684 1981 4748 nostrorum
2002 4681 2144 4764 vestigiis

584 4776 767 4847 inherentes
785 4797 853 4847 rein
874 4784 1052 4863 presentem
1073 4779 1200 4865 digiiam
1221 4779 1364 4864 apicibus
1385 4778 1581 4863 denotamus,
1605 4785 1639 4848 et
1657 4781 1703 4849 sic
1721 4781 1795 4848 litas
1816 4780 1982 4868 ambiguas
2002 4789 2036 4851 ct
2055 4802 2144 4851 sean-

586 4879 661 4951 dala
678 4900 741 4968 que
762 4901 802 4950 cii
823 4880 933 4950 litibus
954 4883 1031 4951 oriri
1052 4888 1182 4968 possent
1199 4880 1402 4963 suffocemus,
1433 4880 1542 4948 multis
1568 4881 1652 4950 enim
1674 4881 1879 4951 incommodis
1900 4883 2072 4970 prudenter
2092 4903 2145 4953 oc·

587 4985 753 5067 ammanus,
776 5003 849 5053 euin
866 4987 963 5055 etatis
984 4992 1092 5055 nostre
1113 4986 1243 5070 negocia
1268 4986 1447 5053 litterarum
1469 4986 1619 5054 memorie
1640 4986 1910 5055 commendamus:
1941 4987 2031 5072 qaia,
2061 4987 2146 5071 quod

587 5088 745 5155 anostds
766 5087 925 5173 prioribus
945 5089 1134 5157 institutum·
1149 5088 1312 5170 asseritur,
1341 5087 1382 5154 ad
1404 5091 1545 5154 nostram
1572 5088 1768 5171 presenciam
1790 5105 1853 5155 non
1874 5089 2022 5172 veninat,
2045 5089 2073 5156 si
2095 5108 2144 5156 ce·

587 5186 707 5258 assent
739 5189 819 5259 illud
851 5190 1003 5276 obsequia
1028 5191 1217 5260 litterarum.
1262 5188 1476 5276 approbanda
1507 5195 1557 5257 est
1585 5210 1660 5276 eigo
1686 5191 1890 5277 antiquorum
1919 5191 2147 5278 dmonspicta
