4574 6240
1005 412 1008 418 ’
1050 397 1054 405 ·
1862 376 1932 454 139

1057 517 1132 605 Νι.
1166 517 1266 607 160.

491 681 647 784 ‘thomos
682 679 972 764 Vrotisleuions.
999 682 1155 786 episcop.
1182 685 1219 767 et
1252 682 1405 785 magist
1439 680 1627 764 Rinoldus
1653 679 1935 764 mohidiuccnos

389 804 434 886 (le
460 797 548 903 Opill
573 802 704 881 1234
730 799 832 882 Febr.
859 803 904 896 6,
929 799 971 881 in
998 799 1248 903 Vraiiilbvi83
1276 825 1313 886 ut
1331 817 1443 886 orbitri
1465 797 1588 887 iccium
1608 815 1865 902 compositionem
1886 816 1935 883 iu·

391 926 442 990 ter
459 920 649 988 monasterie
668 919 708 987 de
729 919 846 1004 ipnieo
866 925 901 986 et
920 936 946 988 s.
970 918 1129 987 vincentii
1150 921 1189 988 dc
1211 920 1378 988 Wrociow.
1633 951 1636 957 ·

491 1027 631 1105 rerem
646 1030 763 1106 orypbo
776 1045 804 1087 ru
812 1022 916 1088 semu
929 1029 1161 1103 aeepurzaco
1179 1026 1477 1110 rdwnobrzeoipcucb,
1491 1044 1515 1087 u
1525 1023 1652 1105 lodoyci
1671 1030 1775 1103 esterp
1786 1025 1938 1106 pleezpele

384 1133 619 1210 przpmeszono.
661 1132 829 1192 Piemzo:
860 1123 1032 1209 Gregorius
1052 1129 1202 1212 preposit
1230 1124 1427 1207 Soorbimir.;
1454 1129 1571 1205 meo:
1601 1124 1738 1192 Tbomss
1763 1122 1934 1191 Vrotislsc.

388 1229 540 1315 episeop.;
562 1235 693 1295 onemo:
716 1225 899 1313 capitulum
920 1226 1108 1308 Vrotislev.;
1130 1239 1278 1294 morto.-
1291 1227 1446 1312 biogister
1463 1227 1626 1295 Rinsldus.

498 1334 655 1398 muman.
677 1333 798 1410 renuo
820 1333 927 1394 seems
947 1333 1065 1396 oeus.
1094 1335 1124 1396 s.
1155 1333 1376 1410 reem-sem
1404 1333 1459 1398 eo.
1497 1329 1689 1419 sponsore,
1727 1333 1796 1395 me.
1818 1331 1936 1410 epum

390 1443 515 1500 mucel.
542 1437 700 1514 lbroeoeru.
723 1436 776 1496 Νι.
799 1434 891 1497 XVI.

490 1567 528 1636 Iu
554 1569 680 1637 nomine
706 1568 836 1636 Domini
860 1570 963 1636 nostri
991 1568 1086 1638 ihesu
1118 1569 1239 1637 chenu
1269 1586 1372 1636 omen.
1415 1567 1484 1637 Nos
1515 1568 1653 1638 Tbomss
1680 1565 1938 1637 Vrstislssiensis

160 1732 168 1765 ,
301 1633 305 1642 ’
387 1671 559 1758 episcopus,
582 1672 753 1756 Gregorius
775 1669 1041 1739 Scorbimirieusis
1070 1673 1260 1757 prepositus,
1289 1672 1441 1755 magister
1461 1671 1617 1740 Riuuldus
1638 1670 1877 1741 mohidiooonus
1897 1668 1938 1739 de

388 1774 479 1861 Opol
500 1775 592 1843 electi
612 1773 726 1842 orbitri
750 1775 835 1840 iuter
855 1772 1003 1840 sbbotem
1024 1772 1064 1841 de
1085 1774 1195 1841 iincio
1215 1773 1376 1840 domiuum
1397 1771 1599 1843 Lutbiridum
1620 1780 1655 1842 et
1674 1775 1754 1842 elios
1769 1773 1938 1842 ooobbctes

387 1876 488 1964 ipsius
507 1878 589 1961 nigri
609 1876 738 1944 Ordinis
758 1882 793 1943 et
819 1872 1000 1942 Conventus
1027 1877 1167 1960 ipsorum
1199 1876 1233 1942 iu
1265 1875 1398 1944 Polouis
1428 1895 1469 1944 ex
1494 1895 1560 1944 uuo
1584 1882 1691 1961 purte,
1719 1882 1753 1944 et
1777 1875 1938 1943 domiuum

388 1978 552 2047 libertum
573 1978 719 2047 obbotem
741 1977 843 2046 sencti
865 1976 1025 2044 vincentii
1045 1977 1302 2046 Vrotislssieusis
1323 1985 1359 2047 et
1379 1997 1472 2047 suom
1491 1977 1690 2047 Couseutum
1703 1995 1743 2045 ex
1756 1977 1870 2060 alters,
1883 1995 1936 2045 su-

388 2100 446 2168 per
465 2081 608 2150 omuibus
629 2081 847 2167 questionibus
866 2098 907 2147 ex
923 2087 1016 2166 perte
1036 2079 1207 2162 Nigrorum
1221 2086 1334 2149 contre
1345 2080 1657 2148 Premcustroteuses
1671 2078 1749 2147 dicti
1762 2079 1823 2147 loci
1837 2079 1939 2147 musti

388 2183 547 2253 vincentii
567 2183 643 2252 olim
664 2189 778 2264 motos,
799 2184 865 2250 siue
886 2200 981 2266 super
1002 2181 1158 2267 peticione
1176 2182 1289 2249 domus
1302 2183 1405 2250 musti
1419 2183 1592 2264 vincentii,
1606 2182 1673 2249 sive
1687 2199 1782 2266 super
1794 2180 1940 2266 dorupuis

387 2286 517 2356 ecclesie
537 2287 641 2356 suncti
660 2285 827 2353 Lourentii
848 2285 883 2351 iu
903 2283 995 2351 liniis
1015 2289 1050 2351 et
1070 2284 1225 2369 peticione
1250 2284 1390 2369 plurium
1415 2303 1623 2369 expensorum
1650 2283 1813 2351 ocoesioue
1833 2301 1940 2368 prece·

388 2389 529 2456 dentium
551 2389 655 2456 litium
674 2386 831 2456 motuum
852 2388 894 2454 sb
915 2386 1049 2455 ecclesio
1069 2386 1240 2454 Tiucieusi:
1260 2386 1379 2454 cuditis
1400 2386 1475 2454 binc
1492 2386 1566 2455 iude
1585 2387 1756 2471 propositis
1769 2391 1804 2453 et
1817 2385 1940 2472 plenius

388 2490 567 2573 intellectis,
593 2509 651 2574 pro
678 2489 825 2575 dempuis
849 2486 942 2556 luctis
975 2487 1082 2555 domui
1115 2489 1217 2554 seucti
1245 2488 1410 2556 laurentii
1435 2488 1626 2572 precipimus
1650 2487 1759 2557 obboti
1779 2493 1814 2554 et
1833 2486 1941 2556 domm

388 2592 489 2660 mucti
510 2591 678 2673 Vmcentii,
700 2597 739 2657 ut
755 2591 863 2656 sillem
885 2609 947 2674 que
968 2589 1085 2656 dicitur
1112 2588 1236 2656 Gzense
1263 2588 1405 2656 oensem
1432 2589 1540 2656 domui
1561 2589 1664 2656 musti
1686 2589 1849 2657 Laurentii
1867 2607 1940 2658 cum

387 2693 454 2760 suis
471 2693 648 2760 attinentiis
668 2699 777 2777 preter
796 2693 903 2758 sillum
926 2691 1082 2758 Zveucino
1101 2709 1163 2775 que
1182 2690 1243 2759 sibi
1263 2691 1372 2759 iuncto
1392 2696 1457 2772 est3
1482 2691 1531 2758 ite
1549 2691 1634 2776 quod
1655 2691 1684 2758 si
1705 2690 1816 2759 domos
1837 2692 1940 2760 suncti

389 2793 548 2862 vincentii
573 2800 681 2879 posset
704 2811 891 2878 recuperare
915 2793 1024 2860 sillem
1053 2792 1179 2860 Hoscuo
1207 2794 1274 2860 sire
1294 2792 1461 2874 Vlodimir,
1493 2793 1619 2862 reddito
1646 2811 1686 2860 eo
1710 2791 1817 2860 domui
1837 2793 1939 2863 soncfl

388 2896 562 2978 laurentii,
583 2895 716 2981 recipiet
737 2895 798 2962 sibi
816 2895 925 2962 sillum
946 2895 1079 2962 Gueme
1123 2894 1186 2962 Pro
1207 2895 1305 2963 culice
1325 2897 1422 2963 etism
1443 2897 1499 2980 qui
1519 2895 1562 2961 sb
1582 2895 1715 2962 ecclesis
1732 2895 1835 2963 suncti
1855 2894 1939 2963 leu-
2061 2896 2064 2901 ’

388 2999 483 3067 rentii
504 3005 573 3066 eret
593 2998 635 3067 od
656 2998 785 3065 domurn
804 2998 907 3064 ssucti
928 2996 1089 3065 vincentii
1107 2996 1241 3078 deletus,
1262 2996 1359 3065 locist
1374 2996 1475 3064 sbbos
1489 2999 1593 3066 musti
1607 2997 1766 3066 Vincentii
1778 2997 1820 3067 de
1832 3015 1941 3067 muros

313 3161 318 3169 .
349 3168 352 3172 ,
388 3102 459 3169 suri
479 3119 575 3167 uuum
597 3100 725 3167 culicem
747 3106 782 3167 et
802 3099 857 3167 det
878 3098 986 3166 ebboti
1008 3100 1049 3166 de
1069 3098 1178 3166 'lincis
1195 3099 1321 3166 nomine
1334 3098 1447 3167 domus
1460 3100 1565 3167 suncti
1582 3098 1756 3167 Loureutii.
1776 3099 1841 3168 Res
1853 3118 1940 3183 sero,

390 3204 501 3288 sique
521 3208 632 3271 extout
651 3202 737 3286 epod
763 3201 891 3269 domum
917 3200 1020 3267 sancti
1048 3200 1208 3268 vincentii
1236 3218 1299 3284 que
1331 3199 1451 3269 fuerint
1477 3203 1580 3270 nucu
1595 3200 1787 3285 sLoureutii,
1814 3202 1941 3271 restitui

388 3306 576 3391 precipimus
596 3303 697 3371 eidem
719 3322 777 3388 pro
796 3302 890 3370 domo
910 3302 1020 3371 eodem
1042 3303 1075 3368 iu
1096 3302 1205 3369 eodem
1226 3305 1339 3386 speeie,
1361 3305 1428 3373 sice
1449 3304 1515 3372 sint
1536 3305 1652 3386 cesule,
1674 3304 1741 3373 sire
1760 3304 1939 3388 dolmstioe,

388 3408 455 3475 sive
473 3407 556 3488 lrbri,
578 3407 644 3474 siue
664 3405 727 3473 ulie
748 3423 817 3485 ros3
840 3422 964 3490 queque
985 3404 1075 3472 uobis
1093 3403 1212 3470 fuerint
1231 3404 1363 3488 incerte,
1386 3406 1599 3475 commisimus
1621 3406 1736 3475 borum
1759 3407 1938 3494 inquisiti)-

482 3509 670 3578 couscieutie
690 3507 809 3575 domiui
831 3507 956 3575 obbotis
977 3509 1080 3575 suncti
1097 3507 1265 3574 vincentii
1287 3506 1350 3574 Pro
1371 3509 1516 3592 expensis
1537 3515 1644 3576 eutem
1664 3507 1758 3577 lectis
1776 3508 1939 3577 edominc

305 3661 308 3665 -
389 3609 502 3679 sbbote
522 3611 563 3679 ‹le
579 3610 690 3679 lineis
711 3628 768 3694 pro
789 3628 824 3677 se
845 3615 880 3678 et
900 3627 958 3676 suo
979 3608 1108 3689 Ordine,
1123 3610 1312 3694 precipimus
1329 3609 1438 3679 obboti
1452 3612 1555 3679 suncti
1568 3610 1729 3678 vincentii
1743 3617 1781 3679 ut
1793 3609 1942 3680 refundet

390 3712 491 3781 eidem
511 3712 618 3787 obboti
639 3718 673 3779 et
694 3730 751 3779 sue
771 3710 878 3778 domui
897 3710 1019 3778 XXXV
1040 3729 1163 3779 murcos
1182 3713 1325 3796 urgenti3
1358 3711 1467 3781 ubbsti
1491 3719 1601 3781 sutem
1626 3712 1667 3782 do
1692 3712 1802 3781 lincis
1825 3719 1860 3781 et
1883 3729 1942 3781 suo

390 3812 512 3897 ordini,
529 3814 663 3898 emplius
684 3820 718 3881 et
739 3831 834 3897 super
855 3813 1011 3897 peticione
1031 3813 1143 3881 domus
1162 3814 1265 3881 musti
1286 3814 1457 3896 vincentii,
1478 3821 1514 3882 et
1532 3833 1629 3900 super
1650 3814 1795 3883 omnibus
1816 3815 1889 3884 eliis
1902 3815 1942 3883 de

389 3915 504 4002 quibus
524 3916 645 4001 aliquio
664 3934 804 4001 unquam
826 3916 910 3983 iuter
930 3933 984 3982 eos
1005 3921 1132 4011 motum·
1147 3920 1207 3996 est,
1228 3920 1414 3999 perpetuum
1435 3916 1602 3984 indicimus
1615 3916 1776 3985 silentium
1800 3924 1836 3986 et
1854 3917 1943 3986 rolu-

389 4037 470 4100 mus,
491 4025 529 4086 ut
549 4018 684 4102 emplius
706 4017 764 4085 bec
784 4016 846 4083 due
868 4018 989 4098 domus,
1011 4017 1132 4084 seilicet
1152 4016 1325 4084 Tiucieusis
1345 4023 1380 4085 et
1399 4020 1502 4087 suncti
1531 4019 1709 4102 vincentii,
1731 4026 1796 4087 ιι
1816 4019 1850 4087 iu
1870 4038 1942 4105 per·

389 4126 487 4206 murs
505 4120 673 4189 dilectione
693 4126 728 4188 et
752 4120 985 4204 tranquillitate
1013 4119 1054 4187 sd
1084 4120 1225 4186 inuicem
1269 4118 1336 4199 Quo
1367 4126 1476 4189 summ
1507 4120 1642 4189 istem
1673 4122 1838 4190 domorum
1869 4121 1944 4190 huic

390 4228 499 4291 nostro
519 4223 651 4290 mbitrio
679 4223 745 4290 uilo
771 4222 1000 4290 contradixerit
1025 4239 1164 4304 uuquam
1191 4227 1346 4305 tempore,
1375 4223 1640 4307 condompmmus
1668 4225 1769 4308 ipson
1792 4224 1886 4292 elteri
1907 4225 1942 4292 in

260 4319 264 4326 ’
390 4325 581 4410 penam
602 4328 879 4405 morcouumouri,
902 4344 998 4411 quom
1020 4344 1134 4409 penum
1156 4325 1944 4413 portosipseooromnobisetmultissubsmiptis

390 4433 466 4496 sunt
486 4429 659 4497 odiosicem
680 4430 842 4514 stipulute
887 4431 1003 4495 Actum
1023 4430 1056 4494 in
1079 4425 1272 4493 thislsvie
1292 4427 1326 4492 in
1347 4426 1441 4494 domo
1461 4428 1631 4513 episcopali
1650 4429 1863 4513 presentibus:
1884 4430 1944 4497 Pe-

390 4535 442 4598 tro
461 4533 634 4615 preposito,
663 4532 794 4599 Victore
822 4532 950 4613 deceno,
981 4529 1100 4596 Nozloo
1128 4528 1361 4609 orchidisoouo,
1393 4527 1526 4598 crisme
1552 4538 1692 4612 eoutoro,
1710 4529 1806 4597 Petro
1826 4531 1945 4598 demus

390 4628 431 4699 de
451 4629 576 4715 Iouoic,
599 4634 763 4714 Loubion,
786 4632 931 4717 Symone,
953 4632 1102 4711 Iobuunc,
1124 4628 1289 4709 Nicbolso,
1305 4628 1439 4707 Sdizlso,
1454 4631 1629 4714 Hccoerdo,
1643 4632 1789 4715 Paulino,
1803 4631 1944 4699 Goeuiuo

390 4733 609 4804 orchidiscouo
630 4737 669 4804 de
690 4737 791 4816 Kolis,
814 4735 1037 4802 Bortholomeo
1063 4733 1103 4800 dc
1128 4732 1230 4813 Loliu,
1262 4731 1415 4817 Goberto,
1448 4735 1599 4818 lobsnue,
1627 4735 1752 4820 Epidio,
1781 4733 1944 4816 menone,

394 4833 541 4919 Vilelmo,
559 4837 732 4918 Filemone,
754 4836 919 4918 Nicboino,
942 4835 1069 4921 Ioseph,
1092 4834 1220 4902 Andrus
1240 4840 1275 4900 et
1294 4835 1367 4904 eliis
1387 4837 1507 4906 multis
1551 4839 1668 4908 Λιιιιιιι
1688 4856 1772 4906 tuno
1792 4835 1947 4906 dommus

394 4935 623 5008 Iuoemotionis
644 4939 899 5020 dccxxxiiii
917 4945 1029 5006 octavo
1050 4936 1126 5005 idus
1147 4936 1321 5004 Februarii.

496 5073 773 5158 waimifiensis,
794 5081 832 5142 de
856 5079 1051 5142 Statim.
1073 5072 1165 5158 Opol,
1194 5077 1295 5157 opole,
1316 5097 1336 5140 2
1354 5081 1519 5145 meeum
1538 5081 1666 5160 Oppeh,
1687 5077 1807 5162 Ἠιιαι,
1825 5080 1944 5162 mix.

395 5173 528 5259 (incuso,
551 5181 655 5265 diripi.
678 5178 846 5259 Zvencino,
871 5163 1039 5265 deciperem
1061 5176 1189 5244 Hoscnc
1220 5183 1282 5242 eise
1310 5177 1477 5263 Vindimir,
1505 5187 1557 5247 nie
1582 5184 1782 5262 modeim,
1799 5185 1947 5263 ptume

394 5279 465 5361 cpio
484 5288 572 5369 uterq
592 5303 702 5370 nowq
722 5303 759 5349 nu
780 5287 963 5349 mdc

1736 5400 1786 5457 l?
