4574 6240
1853 669 1925 793 125

1052 882 1127 969 Nn
1163 876 1259 973 142.

480 1081 711 1166 wladislaus
739 1081 816 1164 dun
840 1080 989 1164 Palania
1017 1082 1152 1161 1232
1180 1102 1208 1162 s.
1236 1080 1271 1165 d
1298 1083 1335 1163 at
1361 1079 1405 1183 1.;
1427 1093 1657 1163 mameranus
1684 1093 1811 1162 ordinis
1835 1094 1925 1163 Ten·
1964 1170 1967 1176 ,

379 1203 550 1295 plarisrum
570 1201 759 1283 libertatem,
781 1201 888 1267 villum
911 1199 1045 1269 Kalmin
1067 1201 1135 1269 iure
1156 1201 1351 1268 Tbeutnnieu
1370 1197 1504 1268 locandi.

481 1310 593 1386 hapa
637 1309 757 1370 Ανιιιι.
773 1310 934 1384 prioratus
961 1307 1085 1371 Ordinis
1105 1309 1236 1385 eastum
1260 1306 1466 1369 Melitensium
1488 1300 1604 1386 (Kopin
1625 1322 1651 1363 ra
1666 1304 1801 1381 maurit
1817 1306 1925 1382 papie·

378 1425 488 1494 murt
507 1411 561 1476 bez
579 1412 715 1489 maman
736 1407 863 1485 Mla:
880 1413 980 1489 pisata
1001 1409 1131 1473 XVIII
1148 1407 1268 1491 mielu.)

479 1613 518 1683 In
540 1612 666 1682 numina
686 1618 795 1682 sanate
822 1618 856 1680 et
880 1611 1040 1681 individue
1064 1610 1231 1680 Trinitatis
1256 1627 1358 1677 amen.
1404 1610 1472 1694 Ego
1493 1606 1687 1676 wladislaus
1714 1606 1780 1674 dux
1802 1606 1931 1675 Polauie

378 1721 489 1789 nutum
507 1714 589 1784 leuia
610 1712 810 1800 presentibus
832 1719 866 1781 et
887 1713 1011 1790 tuturis,
1031 1714 1115 1798 quod
1138 1711 1408 1780 consentientibus
1429 1730 1527 1780 uxore
1556 1730 1627 1778 mea
1648 1709 1782 1794 lledvigi
1804 1715 1838 1778 et
1857 1709 1931 1776 tiliis

378 1818 456 1889 meis
477 1817 629 1886 Premislo
650 1822 685 1884 et
704 1816 860 1898 Boleslau,
882 1817 916 1882 in
936 1816 1110 1884 remedium
1132 1821 1333 1900 peceawmm
1355 1821 1536 1882 nostrarum
1557 1819 1787 1899 parentumque
1808 1816 1931 1879 nmtra-

378 1940 460 2004 rum,
479 1920 515 1988 in
534 1917 707 1987 subsidium
727 1917 875 1987 videlieet
894 1919 1176 2004 iherosolymitane
1190 1919 1297 2001 Terre,
1317 1916 1391 1984 deuii
1404 1916 1556 1986 dntdbus
1569 1917 1689 1984 Miliaie
1701 1916 1823 2001 Templi
1836 1915 1932 1984 liber·

172 2063 176 2070 ·
322 2091 325 2096 ,
378 2029 478 2093 tatem
499 2023 625 2109 plenam
644 2023 752 2090 sillum
774 2041 836 2108 que
857 2030 989 2092 rotatur
1010 2021 1165 2091 &mena
1178 2020 1381 2101 Teuthunieis
1395 2021 1569 2103 lamudam,
1592 2025 1626 2088 et
1644 2021 1746 2104 ipsam
1761 2037 1832 2087 eum
1845 2018 1932 2086 amni

378 2125 518 2196 subula
538 2143 601 2213 que
620 2126 654 2191 in
675 2124 816 2209 presenti
837 2124 883 2192 eis
904 2128 939 2193 et
959 2125 993 2192 in
1013 2122 1123 2192 futuru
1144 2128 1313 2208 suppetere
1334 2123 1483 2208 patuerit,
1505 2123 1539 2189 in
1562 2129 1750 2207 perpetuum
1772 2120 1932 2207 possiden·

378 2229 452 2299 dam
472 2227 542 2296 lure
561 2227 788 2296 ‘leuthonimli
833 2227 994 2308 Ceterum,
1016 2232 1054 2294 ιιι
1076 2226 1134 2295 beu
1154 2245 1225 2294 mea
1245 2226 1377 2294 dannaia
1399 2224 1493 2292 simul
1514 2230 1548 2293 et
1568 2224 1733 2309 pennissin
1748 2229 1932 2309 perpetuam

381 2328 526 2401 obtineat
545 2329 738 2412 ilrrnitatem,
765 2329 1035 2415 sentirentur)
1060 2335 1095 2397 et
1114 2328 1210 2414 sigilli
1235 2328 1298 2396 mei
1327 2328 1497 2396 munimine
1525 2326 1677 2395 roborari.
1720 2326 1804 2393 licta
1826 2330 1934 2393 autern

379 2438 455 2503 sunt
485 2430 544 2501 bae
574 2432 773 2517 presentibus
804 2431 931 2500 damino
962 2431 1061 2499 Panlo
1095 2430 1241 2516 episeopo
1275 2429 1493 2512 Parnaniensi,
1525 2429 1658 2496 liberta
1689 2427 1861 2496 sestellanu
1893 2426 1934 2494 de

381 2535 519 2618 hanan,
540 2534 654 2603 Bronia
675 2534 821 2621 palatini,
842 2533 988 2618 Bagurnil
1009 2533 1173 2601 eastellani
1194 2532 1234 2600 da
1255 2532 1367 2616 Benin,
1394 2531 1550 2617 Nystamp
1579 2531 1751 2598 miellann
1772 2530 1812 2598 de
1833 2529 1934 2599 Stati·

383 2637 472 2725 grad,
495 2637 633 2706 &esrai
655 2637 845 2706 sustulimus
865 2637 906 2704 de
928 2635 1077 2721 Cybusin,
1107 2635 1290 2720 Lutagneus
1317 2642 1451 2704 renatar
1476 2636 1516 2703 de
1545 2633 1654 2715 Callis,
1679 2642 1713 2703 et
1738 2635 1810 2702 aliis
1838 2652 1934 2718 quan

379 2739 523 2826 pluribus
543 2739 711 2808 nubilibus.
755 2738 875 2807 Datum
895 2757 979 2806 anna
1001 2736 1156 2806 dominioe
1176 2738 1411 2807 Inearnmiunis
1431 2735 1686 2806 uccmn

381 2943 648 3132 Qum
680 2946 813 3011 roua
868 2943 980 3025 am
1014 2947 1102 3010 aa
1160 2941 1336 3029 Statum,
1371 2887 1550 3024 semem
1601 2940 1750 3027 ceusu
1786 2941 1930 3030 usust
2026 2982 2028 2986 -

1045 3241 1129 3331 Ns.
1169 3236 1267 3327 143

383 3522 388 3532 ,
489 3436 684 3541 Gregorius
711 3437 776 3542 Pp.
802 3436 861 3521 IX
887 3441 1019 3521 1233
1046 3438 1148 3522 debr.
1174 3443 1264 3537 25,
1295 3436 1493 3540 magma
1529 3453 1660 3522 manue
1699 3454 1935 3540 achiepiscope

380 3555 559 3626 demensi
579 3563 613 3627 et
633 3559 702 3626 dus
724 3557 861 3642 eadmb,
882 3565 922 3626 ιιι
939 3560 1097 3644 principes
1118 3559 1268 3628 Palaniae
1288 3556 1329 3626 ab
1349 3559 1459 3643 iniqua
1477 3557 1676 3626 subditarum
1695 3558 1860 3626 ιιιιιιίοιιο
1880 3557 1936 3625 de·

381 3663 625 3846 “simulem
653 3767 849 3830 umente
874 3768 975 3831 butun
1007 3770 1152 3832 Palania
1173 3766 1203 3846 I,
1222 3766 1275 3832 ts.
1327 3765 1424 3846 Vetat,
1455 3765 1524 3829 cad
1548 3767 1675 3844 ruptam.
1704 3767 1874 3829 enarum
1904 3766 1934 3845 I,

381 3869 436 3933 tr.
457 3868 512 3933 29.
556 3870 724 3932 Murum
746 3871 799 3933 Fr.
823 3873 1073 3935 Ρναιάιειιιωιιιιι
1099 3871 1131 3934 Τ.
1156 3870 1182 3933 1.
1204 3871 1248 3932 nd
1267 3886 1341 3933 aaut.
1360 3867 1459 3948 1233,
1480 3870 1513 3931 in
1533 3886 1559 3932 e.
1573 3886 1611 3930 au
1632 3871 1737 3931 Priori
1752 3870 1937 3946 praeterluit

384 3973 527 4036 manue
551 3971 673 4035 ordiale
696 3973 749 4036 rr.
774 3975 1034 4038 hammone».

484 4171 656 4259 Gregorius
688 4175 856 4261 episeopus
885 4175 979 4260 (eta),
1008 4174 1238 4244 enerabilibus
1269 4172 1422 4243 natabus
1434 4224 1465 4242 ..
1492 4174 1728 4260 mebiepisnapn
1760 4174 1952 4244 eranam

380 4281 455 4344 et..
482 4276 628 4360 episeopo
655 4275 856 4345 Graeavienai
881 4284 916 4344 et
945 4277 1061 4346 dilecta
1083 4277 1148 4344 filio
1177 4276 1285 4345 abbati
1312 4275 1352 4345 de
1374 4277 1523 4365 indens
1549 4278 1766 4347 Caesariensis
1794 4276 1937 4359 dioresu,

382 4377 517 4446 salutem
539 4377 637 4463 (ete).
681 4379 807 4447 Nouum
828 4399 928 4465 genus
947 4381 1091 4448 molestie
1112 4378 1260 4447 dicuntur
1280 4380 1366 4448 eirea
1383 4399 1538 4466 pauperes
1560 4381 1691 4449 Polauie
1711 4381 1868 4466 pnneipes
1889 4381 1939 4448 in·

381 4480 514 4562 redime,
535 4480 681 4548 videlieet
701 4483 786 4566 quod
807 4484 948 4567 ipsarum
969 4483 1112 4550 custodie
1134 4482 1338 4550 summittunt
1359 4488 1499 4550 emtores
1515 4489 1550 4550 et
1563 4484 1710 4565 aleones,
1729 4483 1827 4568 quisi
1845 4484 1956 4552 sdlita

381 4581 526 4650 nidorum
559 4581 629 4650 laea
656 4584 845 4668 reliquerint
870 4592 1038 4669 maestes
1066 4585 1174 4653 native
1202 4585 1349 4668 spiritum
1367 4584 1537 4666 libertatis,
1567 4585 1617 4652 rei
1646 4585 1762 4670 aliquis
1783 4586 1824 4654 de
1844 4586 1941 4671 pullis

381 4683 526 4770 perditur
547 4684 745 4754 earumdem:
769 4705 924 4772 pauperes
946 4688 1032 4772 ipsas
1054 4688 1087 4753 in
1109 4687 1313 4771 septuaginta
1340 4687 1540 4754 marcharum
1566 4706 1680 4773 penam
1699 4687 1940 4773 condempnant,

381 4784 526 4872 pluribus
546 4786 673 4854 illarum
695 4806 734 4855 ex
756 4788 825 4871 boe,
848 4789 932 4873 quod
953 4796 1114 4873 gementes
1135 4788 1309 4869 referimus,
1330 4788 1564 4875 dampnationis
1585 4797 1695 4859 eurne
1713 4792 1878 4859 matenuru
1892 4791 1941 4858 in·

381 4888 532 4973 gerenda;
553 4907 625 4956 nam
647 4909 720 4958 eum
741 4897 808 4959 turn
830 4893 969 4977 iniquam
991 4899 1025 4960 et
1046 4891 1221 4959 inauditam
1243 4892 1312 4976 pati
1333 4910 1397 4958 nan
1417 4886 1546 4960 ualeam
1566 4894 1763 4973 servitutem,
1784 4893 1826 4962 ud
1847 4892 1941 4978 perii·

384 4989 470 5059 ιιιιιιι
492 4990 688 5059 munorum
712 4997 747 5060 et
766 4993 978 5062 Pmtennmm
1001 5000 1169 5063 uameunt
1189 4992 1424 5062 camuuuone
1445 4993 1584 5062 fidelium
1606 4995 1768 5063 derelima
1812 4994 1941 5078 Verum,

382 5091 459 5179 qula
479 5091 657 5161 huiusmodi
679 5095 791 5163 modus
813 5096 929 5164 inlude
950 5114 1080 5180 prorsus
1100 5096 1143 5162 ad
1162 5102 1281 5163 mamm
1308 5096 1434 5165 iusticie
1460 5117 1524 5165 non
1553 5097 1685 5181 amedit,
1712 5117 1751 5167 aa
1775 5098 1859 5181 quad
1885 5097 1941 5167 da

382 5194 513 5282 mestioe
533 5214 607 5265 ures
627 5196 800 5282 aliquando
822 5199 862 5267 de
884 5200 1039 5267 clausuris
1066 5205 1102 5266 et
1129 5217 1205 5283 sepe
1236 5198 1278 5265 de
1307 5198 1454 5267 mundus
1479 5199 1682 5268 deunumm
1706 5199 1884 5284 aufugiunt,
1907 5206 1943 5269 et

383 5296 460 5382 qnia
479 5294 618 5366 bleonus
638 5297 820 5368 huiusmodi
841 5319 898 5369 seu
919 5321 1044 5387 qusque
1065 5301 1215 5370 rationali
1233 5318 1329 5369 seusu
1350 5303 1494 5370 mmntia
1514 5303 1679 5371 edentum
1699 5303 1750 5371 rel
1772 5320 1864 5387 passe
1877 5321 1941 5371 nan

383 5394 521 5467 babent
540 5397 728 5486 adplenum
750 5401 887 5472 humane
907 5404 1125 5490 disparium
1145 5403 1280 5472 arbitria
1300 5404 1455 5474 subeundi
1481 5410 1539 5474 aut
1560 5425 1582 5476 a
1602 5405 1785 5474 enstadbus
1811 5404 1944 5491 deputa·

382 5499 437 5584 tls,
457 5505 496 5569 ιιι
515 5501 563 5570 ita
581 5502 758 5590 loquamur,
779 5504 819 5573 de
832 5506 941 5577 volatu
960 5506 1121 5577 licentiam
1141 5507 1333 5594 postulandi,
1355 5526 1428 5577 eum
1447 5508 1524 5577 illue
1541 5509 1611 5578 alas
1632 5507 1816 5594 explicando
1836 5526 1872 5578 se
1892 5510 1941 5578 di·

382 5601 489 5690 rigant
509 5622 572 5689 qua
593 5605 678 5693 ipsas
696 5607 857 5692 pertrahit
876 5627 970 5679 uersa
988 5609 1126 5679 mnditia
1147 5610 1327 5694 qualitatis;
1348 5611 1425 5695 quia
1445 5612 1541 5680 etiam
1556 5610 1695 5680 bdelium
1714 5611 1849 5697 animas,
1863 5630 1943 5701 quas
