4574 6240
594 313 676 437 rsa

586 566 621 630 et
640 560 705 629 alia
733 580 795 646 que
822 561 1010 630 Koaareiou
1036 561 1218 628 nominatur
1245 561 1449 644 contulimus,
1482 580 1519 630 eo
1549 561 1671 629 scilieet
1698 562 1767 631 inre
1791 579 1855 646 quo
1883 567 2018 634 utuntur
2038 572 2133 653 incolo

587 664 677 732 iuxta
698 663 821 731 Nouum
842 663 945 732 iorum
966 671 1195 733 commorantis
1217 662 1258 730 [til
1280 664 1387 731 ornnia
1406 665 1478 732 iura
1498 663 1697 732 rusticorum.
1734 662 1868 749 Insuper
1888 664 2011 748 preinto
2031 683 2133 754 conniti

588 765 745 834 clementi
766 768 799 833 in
819 766 996 834 hoolinto
1017 771 1129 834 taxata
1151 765 1293 834 Lubnica
1314 765 1415 835 iorum
1436 766 1570 835 leniendi
1584 765 1764 834 libertatem
1778 765 1979 852 contulimus,
1994 791 2032 840 en
2045 776 2133 852 liber.

587 873 656 938 tate
677 888 741 954 qua
761 868 893 938 lundata
913 876 964 937 nst
984 868 1096 936 enne
1117 868 1301 952 supradicta
1326 870 1449 937 Novum
1470 868 1572 936 iorum
1594 868 1672 936 item
1694 868 1736 937 ad
1756 869 1808 935 ius
1829 869 1994 953 burgense.
2030 877 2134 956 Tosne,

589 971 684 1041 huius
705 972 886 1041 donacionis
906 977 998 1040 sunt:
1021 972 1136 1040 Petrus
1158 972 1485 1056 palatiolensium
1503 971 1695 1040 castellanus
1716 971 1756 1039 ‹le
1777 971 1878 1054 Kalis,
1900 971 2014 1042 Bionis
2027 990 2133 1054 naslei.

587 1074 680 1143 naas
697 1075 738 1142 ile
759 1073 862 1155 liuila,
884 1075 1034 1158 pincerna
1053 1074 1233 1158 Miroslans,
1255 1083 1386 1144 venator
1407 1075 1600 1159 Lutogneus,
1621 1074 1852 1142 mareschalcus
1871 1074 1991 1158 Simon,
2013 1079 2134 1158 Marem

589 1176 721 1261 dapifer,
743 1175 837 1244 iudex
858 1175 974 1258 Wlost,
996 1176 1158 1261 Repertus
1179 1178 1369 1246 castellanus
1383 1177 1423 1245 ilc
1438 1176 1531 1245 cosin
1551 1178 1592 1244 dc
1611 1175 1722 1258 Slesia,
1743 1194 1870 1261 quoque
1888 1175 2066 1261 Stephanus
2087 1208 2134 1259 ea.

588 1278 741 1346 sullanus
762 1278 803 1346 de
823 1278 980 1360 Zlnoch,
999 1277 1131 1346 cessata
1144 1279 1268 1363 ‹lnpiier
1281 1280 1321 1347 do
1335 1279 1513 1361 Vraclavia,
1527 1279 1707 1363 prepositus
1722 1279 1824 1346 saneti
1838 1278 2002 1347 Laurentii
2016 1282 2134 1375 Petrus,

588 1380 721 1449 Virbeta
742 1382 921 1466 prepositus
943 1382 983 1450 de
1004 1380 1154 1464 Stanecli,
1184 1388 1217 1450 ot
1247 1383 1300 1450 alii
1323 1403 1419 1468 quam
1438 1382 1575 1466 plurimi.
1604 1381 1652 1450 Ut
1671 1387 1780 1448 auum
1801 1381 1859 1449 hee
1880 1387 1991 1449 nostra
2009 1384 2135 1460 donacio

589 1488 660 1552 rata
678 1490 806 1552 maneat
819 1489 853 1551 et
866 1503 1078 1569 perseverans,
1101 1492 1278 1568 presentem
1300 1486 1446 1570 paginam
1468 1484 1541 1551 inde
1563 1486 1776 1568 conscriptam
1797 1483 1893 1567 sigilli
1915 1485 2016 1552 nostri
2040 1495 2135 1559 muni·
2243 1521 2248 1530 ·

587 1586 672 1655 mine
699 1587 848 1654 iussimus
876 1586 1026 1655 roborari
1070 1587 1187 1654 Datum
1216 1588 1250 1654 in
1272 1587 1462 1655 Bobronaik
1483 1587 1516 1653 in
1538 1585 1694 1670 colloquio
1716 1586 1801 1672 qnod
1822 1586 1967 1656 habimm
1993 1596 2042 1656 est
2068 1611 2136 1665 enm

588 1687 669 1758 luce
689 1686 837 1770 ilenrico,
858 1707 942 1758 anno
963 1689 1193 1760 lnoarmtionis
1213 1689 1341 1758 Domini
1359 1689 1525 1758 millesimo
1546 1689 1762 1763 ducentesimo
1783 1688 1944 1774 tricesim
1962 1695 2080 1761 convo.

692 1891 795 1974 Rada
816 1895 915 1958 Rada
938 1891 1070 1977 Lubnic,
1092 1897 1236 1961 taenea.
1256 1894 1454 1977 lionareioiv,
1475 1898 1651 1962 Konurm.
1680 1893 1805 1962 Noram
1826 1893 1931 1962 iorum
1959 1900 2036 1977 ezpti
2061 1901 2136 1965 Nea·

589 1999 698 2072 mre,
718 1978 821 2060 soca
842 2016 884 2060 aa
907 1999 1046 2084 sthzra
1070 1995 1175 2078 eon,
1202 2001 1336 2079 ermon,
1359 1999 1426 2063 nze
1446 2021 1465 2063 2
1485 2001 1649 2063 nemora
1675 2002 1813 2064 resonos
1839 1994 1997 2080 moment,
2018 2004 2068 2066 no
2087 2007 2137 2068 or-

532 2142 535 2148 ·
588 2103 748 2181 pantena.
781 2096 917 2166 Sanetus
938 2098 1140 2181 Laurentius,
1156 2099 1295 2174 ,iterator
1315 2122 1343 2166 m
1367 2100 1546 2182 Koieiehre'j
1563 2106 1617 2166 reri
1633 2121 1668 2187 p.
1690 2121 1727 2166 aa
1750 2105 1862 2168 Kales
1899 2098 2047 2184 Smetk,
2070 2107 2137 2169 Sic·

589 2205 695 2290 niptlri
717 2199 919 2285 Bebrownik,
941 2204 1137 2269 Bobronnilci.

1261 2501 1337 2592 Ns.
1370 2497 1470 2590 215.

694 2694 947 2800 imilcoglne
973 2696 1124 2781 ooolmio
1152 2695 1376 2781 lucanensis
1404 2699 1531 2785 tantm
1557 2699 1692 2779 1288
1711 2719 1740 2779 a
1758 2698 1794 2779 ii
1810 2698 1849 2780 ot
1864 2696 1909 2798 le
1938 2718 2144 2797 protientur,

589 2836 625 2886 so
644 2816 836 2886 monmterio
856 2817 898 2885 de
918 2817 1005 2885 Obra
1025 2836 1134 2886 omnes
1155 2817 1369 2887 meditantes
1395 2835 1469 2885 snas
1498 2836 1570 2886 cum
1598 2818 1685 2892 omni
1714 2821 1889 2903 apparate,
1916 2821 1992 2908 post
2018 2814 2137 2883 obitum

591 2939 684 2990 suum
704 2920 909 3007 possidendas
932 2920 1108 2990 tmolidisse.
1828 2978 1832 2986 .

693 3023 832 3091 Potenti.
861 3017 975 3105 Konipl.
998 3026 1105 3089 Stoma
1124 3027 1214 3090 Arelt.
1252 3027 1340 3103 otro,
1367 3025 1428 3090 ao.
1444 3027 1545 3104 preti
1565 3027 1620 3102 sol.
1643 3028 1673 3089 5.
1693 3058 1740 3073 -
1760 3019 1900 3105 mmai,
1918 3024 2039 3096 Arcem
2065 3025 2140 3087 Con·

350 3139 353 3146 ⁴
493 3089 494 3092 Ὺ
589 3129 702 3192 ecoe
722 3128 1033 3211 arciepiscopatu.
1057 3131 1087 3193 o.
1109 3131 1185 3192 mos
1198 3125 1380 3192 κου-επ.

691 3327 855 3400 Univernis
875 3327 958 3400 hanc
979 3331 1127 3417 peginam
1148 3328 1326 3399 ridentibus
1346 3335 1381 3399 et
1401 3331 1600 3415 inspecturis,
1621 3327 1655 3399 ἃ
1678 3328 1739 3397 Dei
1759 3330 1866 3414 grecia
1884 3329 2079 3399 Gnezneusis
2093 3347 2141 3398 ee

587 3432 682 3503 closis
708 3438 820 3502 onor
847 3433 982 3503 mamm
1010 3433 1045 3501 ia
1072 3433 1212 3501 omnium
1234 3431 1408 3502 Salinatore
1453 3430 1534 3500 Gan
1558 3450 1597 3501 ea
1617 3451 1680 3518 que
1700 3437 1855 3518 guantur
1874 3432 1909 3501 in
1928 3440 2079 3521 tempore,
2101 3450 2142 3500 ne

350 3639 353 3646 Ι
462 3537 474 3542 ”’
587 3534 683 3605 until
703 3554 761 3623 per
781 3535 968 3605 oblivionem
995 3535 1122 3604 hiatur
1147 3554 1218 3604 eum
1248 3541 1389 3620 tempore
1414 3534 1623 3622 quodeunque
1652 3535 1872 3606 inconvulsum
1898 3534 2061 3605 observari
2088 3535 2141 3602 de·

587 3639 737 3723 caum,
759 3657 887 3708 neeesse
907 3646 958 3707 est
975 3639 1102 3724 scriptis
1122 3646 1180 3707 ant
1201 3638 1409 3724 probabilium
1430 3639 1568 3707 virorum
1598 3639 1780 3707 testimonio
1808 3639 1990 3724 perornari,
2024 3637 2143 3706 nouerit

588 3735 803 3827 proindeque
825 3758 908 3809 anae
928 3747 979 3809 est
999 3746 1034 3809 et
1054 3747 1129 3827 post
1146 3759 1204 3809 nos
1223 3739 1333 3808 lutura
1350 3742 1524 3825 generacio,
1544 3740 1630 3827 quod
1652 3760 1724 3810 cum
1745 3761 1804 3827 ego
1824 3741 2011 3811 Saudivoiua
2035 3739 2144 3809 mnis·

588 3863 657 3913 rem
678 3843 853 3913 claosm
873 3842 990 3911 Obram
1012 3843 1045 3911 in
1068 3843 1219 3928 honorem
1245 3842 1305 3910 Ilei
1324 3850 1497 3931 monteque
1525 3844 1594 3912 eins
1621 3845 1783 3930 genitricis
1804 3845 1918 3927 Mario,
1943 3863 2053 3913 omnes
2074 3861 2144 3928 pos·

589 3945 744 4016 smioaoe
765 3963 867 4016 mens:
895 3944 1047 4030 (lorcam,
1075 3945 1193 4027 Crotle,
1222 3944 1460 4027 Gromatheino,
1486 3944 1610 4030 Lutole,
1635 3947 1777 4015 Godleuo
1796 3966 1869 4016 cum
1891 3947 2073 4017 aturensis
2089 3956 2144 4013 ‘eo-

588 4067 670 4132 rnm,
691 4047 813 4118 Iasinea
835 4067 960 4132 qnoque
983 4066 1054 4116 eum
1076 4048 1160 4116 omni
1182 4053 1338 4132 apparatu
1359 4066 1427 4130 suo,
1450 4048 1510 4116 hoo
1531 4055 1582 4116 est
1603 4068 1674 4116 oum
1694 4050 1797 4134 cquis
1817 4049 1929 4132 bobus,
1951 4049 2063 4126 saonis,
2081 4047 2145 4116 ori·

588 4150 658 4233 bus,
680 4169 815 4233 annona,
837 4157 963 4218 etcum
985 4151 1099 4219 ceteris
1120 4150 1232 4217 domus
1253 4169 1322 4218 mee
1344 4150 1532 4218 utcmilibus
1554 4158 1627 4236 post
1655 4151 1778 4220 obitum
1807 4172 1912 4221 meum
1938 4152 2063 4221 dilectis
2084 4149 2143 4216 ira·

589 4252 692 4322 tribus
713 4253 875 4322 monachis
895 4252 955 4320 sub
976 4253 1094 4321 Ordine
1125 4251 1327 4320 cisterciensi
1362 4253 1396 4318 in
1424 4251 1563 4321 claustro
1592 4273 1662 4322 meo
1690 4253 1758 4322 Deo
1787 4254 1998 4323 servientibus
2028 4250 2145 4322 mutui

589 4357 658 4426 siue
679 4355 787 4441 aliqua
815 4355 1042 4424 reclamatione
1072 4354 1287 4442 possidendas.
1332 4354 1376 4422 Et
1401 4361 1439 4422 ut
1467 4356 1525 4425 heo
1543 4377 1616 4426 mea
1642 4357 1775 4426 donacio
1796 4358 1926 4426 anullo
1947 4356 2145 4445 postmodnm

592 4456 805 4545 perturbetur,
828 4457 909 4525 hano
931 4457 1108 4526 chartulam
1130 4458 1248 4525 nostris
1269 4455 1382 4541 sigillis
1403 4457 1550 4527 duximus
1572 4459 1827 4529 confirmandam.
1863 4459 1967 4529 Huius
1989 4461 2035 4528 rei
2050 4464 2146 4526 testes

591 4564 683 4628 sunt:
702 4559 847 4627 dominus
870 4558 901 4627 S.
925 4559 1023 4628 abbas
1040 4561 1074 4626 in
1096 4557 1192 4640 Obra,
1215 4558 1248 4626 S.
1264 4559 1361 4644 prior,
1377 4559 1409 4628 S.
1426 4560 1618 4645 celerarius,
1640 4562 1798 4631 lohannes
1811 4563 1965 4649 plebanus
1979 4563 2020 4631 do
2035 4558 2145 4638 anoh,

591 4659 731 4729 Mathlas
752 4661 905 4747 plebanus
926 4661 966 4731 de
988 4662 1131 4743 Zbassin,
1154 4660 1267 4728 Henza
1288 4660 1371 4728 lilius
1393 4661 1543 4748 Henredi,
1566 4666 1710 4734 Andreas
1731 4671 1766 4733 et
1786 4664 1962 4735 Dobeslaus
1974 4665 2017 4733 ‹lo
2032 4662 2145 4732 (lerna

592 4766 674 4834 Acta
695 4770 771 4834 sunt
793 4763 851 4834 hoe
865 4783 949 4834 aaao
970 4765 1076 4851 praue
1093 4763 1262 4834 millesimo
1283 4764 1498 4834 ducentesimo
1521 4767 1682 4852 trigesimo
1704 4774 1823 4836 octavo

695 4969 791 5052 Obra,
821 4974 907 5036 otra
930 4970 1044 5054 (lorea,
1063 4970 1301 5052 Grornetheino,
1320 4970 1472 5052 (lodleuo,
1492 4977 1588 5053 orado
1609 4976 1718 5039 tuille.
1742 4971 1860 5056 Crotle,
1882 4977 2000 5041 Krutic.
2024 4970 2146 5048 Lutole,

594 5077 718 5144 lutoielt
737 5074 877 5159 (molere).
898 5074 1037 5186 lusinez,
1052 5079 1196 5144 leontice
1221 5073 1334 5157 Nelch,
1358 5078 1474 5140 Niaiek.
1500 5074 1643 5157 Zbassiu,
1667 5075 1813 5164 thezpr'n
1847 5073 1963 5158 Ome,
1986 5080 2103 5144 sana.
