4574 6240
1163 705 1237 792 Nr.
1270 702 1340 791 92.

586 900 771 987 lionorius
798 899 861 1003 Pp.
888 900 953 984 ΠΙ
980 905 1100 981 1217
1125 903 1227 986 debr.
1254 907 1323 1000 14,
1349 902 1541 1006 interme
1572 919 1843 1004 arcuepneepum
1869 917 2035 988 unmea-

486 1051 552 1104 aem
572 1032 606 1096 et
626 1022 728 1091 Gracc
748 1021 890 1106 dguatos
911 1020 1045 1089 Polouos
1063 1022 1123 1090 bae
1138 1024 1316 1091 cenrbtione
1330 1044 1350 1092 a
1363 1029 1439 1090 roto
1452 1022 1715 1108 peregrinationis
1729 1021 2036 1109 llicrosolymitauae
2098 1035 2101 1041 ⁴

486 1131 630 1211 absolut,
652 1132 690 1194 ut
712 1133 832 1194 cantra.
844 1143 984 1210 paganos
1005 1125 1038 1191 in
1059 1125 1188 1194 Prussia
1208 1134 1357 1212 pugnent

534 1243 535 1248 ι
591 1235 729 1311 meas,
752 1231 947 1295 naama
967 1232 1067 1295 aare.
1090 1233 1233 1294 rsonae
1257 1233 1286 1312 1,
1308 1235 1339 1296 r.
1395 1232 1482 1311 roras
1514 1232 1583 1297 coa
1603 1232 1676 1312 apr.
1697 1231 1858 1295 nauscae
1881 1231 1908 1294 r.
1929 1232 1982 1294 nr.
2004 1231 2034 1295 r.
2128 1286 2131 1291 .

587 1435 748 1507 nonaum
769 1435 934 1520 episeopus
954 1435 1046 1519 (etc),
1067 1434 1238 1503 venerabili
1259 1436 1350 1503 tratri
1373 1487 1381 1504 .
1404 1434 1675 1524 ‚archiepiscopo
1701 1434 1878 1502 Guezucnsi
1900 1434 2036 1504 salutem

487 1543 580 1636 (eta).
610 1539 752 1608 Litteras
774 1545 840 1607 tom
861 1540 1076 1624 episcoporum
1096 1558 1193 1623 quam
1215 1542 1393 1625 principum
1413 1539 1608 1607 (iueznensis
1630 1540 1789 1625 provincie
1803 1537 1894 1606 nobis
1914 1541 2037 1624 aceepi-

486 1667 555 1720 mus
574 1648 785 1732 presentatas,
807 1643 840 1709 in
862 1642 977 1727 quibus
998 1660 1055 1709 uec
1076 1642 1136 1726 ipsi
1157 1643 1249 1710 nobis
1271 1643 1391 1728 absque
1409 1643 1512 1711 multa
1535 1645 1652 1711 mentis
1678 1642 1890 1712 amaritudine
1911 1643 2039 1711 intima·

487 1756 571 1833 runt,
592 1766 651 1816 nec
671 1764 729 1814 nos
754 1745 874 1829 absque
902 1751 1036 1831 paterna
1060 1747 1276 1830 compassione
1304 1745 1481 1814 audirimus
1508 1764 1560 1828 ea,
1594 1765 1656 1831 que
1685 1746 1769 1814 eirca
1798 1745 1907 1814 fideles
1937 1746 2038 1832 ipsius

486 1852 653 1943 provincie,
675 1851 813 1935 peccatis
834 1849 952 1916 nostris
973 1847 1178 1931 exigentibus,
1200 1848 1341 1915 exercuit
1361 1854 1394 1915 et
1415 1854 1542 1916 exercet
1562 1847 1673 1917 ieritos
1695 1868 1905 1935 paganorum
1927 1866 2038 1933 quam·

487 1975 581 2046 qnam
599 1959 721 2023 eertum
742 1953 795 2034 sit,
817 1951 902 2038 quod
923 1951 990 2019 alta
1011 1951 1115 2017 divine
1135 1950 1351 2037 dispositionis
1373 1953 1503 2018 consilio
1526 1954 1634 2036 agitur
1651 1959 1690 2020 ut
1710 1953 1853 2021 conversi
1873 1951 1914 2020 sd
1936 1952 2039 2020 Deum

488 2058 738 2150 pmoecutiomm
760 2057 924 2141 angustias
945 2055 1117 2140 patiantur,
1144 2061 1302 2140 quomens
1330 2074 1365 2122 se
1384 2061 1469 2122 totns
1497 2055 1630 2123 interius
1651 2054 1843 2138 colligentes,
1868 2072 1959 2123 snam
1980 2056 2040 2124 im·

487 2162 689 2234 beciditatem
716 2164 899 2246 agnoscam,
922 2164 957 2226 et
981 2158 1015 2225 in
1036 2164 1205 2242 conspectu
1231 2157 1291 2224 Dei
1320 2157 1488 2224 humilient
1515 2159 1701 2243 semetipsos
1733 2158 1825 2241 eique
1860 2157 1895 2223 in
1926 2158 2041 2227 timme

487 2264 625 2337 seruant
645 2267 680 2331 et
698 2268 843 2344 nemore,
865 2267 899 2331 et
920 2261 1081 2347 proposito
1101 2260 1160 2327 sibi
1183 2260 1355 2328 certamine
1380 2260 1414 2327 in
1440 2279 1504 2346 quo
1531 2266 1654 2328 certent
1675 2279 1733 2346 pro
1755 2260 1880 2329 uoudne
1901 2260 1960 2328 Del
1978 2261 2039 2343 sui,

488 2366 691 2454 multiplicem
712 2364 851 2433 babeant
872 2362 1084 2433 satisfaciendi
1102 2364 1270 2430 matedam
1291 2363 1347 2447 qui
1368 2362 1500 2432 cottidie
1519 2362 1713 2432 offendentes
1734 2364 1767 2431 in
1789 2365 1914 2447 multis,
1931 2361 2041 2432 multi·

488 2469 610 2558 pliciter
630 2468 840 2555 prolabnutur
860 2466 901 2535 sd
924 2467 1056 2552 culpem.
1086 2466 1179 2535 Unde
1196 2484 1368 2551 mamus,
1390 2468 1476 2552 quod
1497 2468 1567 2552 ipse
1586 2468 1641 2553 qui
1662 2467 1749 2535 solus
1767 2467 1908 2536 laborem
1929 2472 1964 2537 et
1983 2467 2040 2538 do·

487 2572 585 2642 iorem
603 2570 782 2640 considerat
801 2576 1012 2656 peccatorum,
1031 2569 1152 2654 virgam
1173 2586 1269 2656 super
1288 2575 1407 2637 sortem
1437 2571 1594 2638 iustarum
1619 2570 1759 2639 finaliter
1782 2588 1846 2638 nou
1870 2570 2039 2655 minoret,

488 2694 545 2747 nec
561 2674 670 2745 ductes
690 2692 765 2743 suos
786 2673 928 2760 patietur
944 2672 1031 2740 ultra
1051 2690 1143 2758 posse
1162 2673 1326 2756 temptari3
1348 2672 1405 2740 sed
1418 2671 1516 2742 faciet
1530 2692 1603 2741 cum
1617 2675 1825 2762 temptatione
1839 2679 2039 2759 proventum,

486 2785 526 2848 nt
544 2778 650 2847 caleat
669 2777 826 2845 sustinere
847 2775 903 2860 qui
923 2792 998 2843 suos
1019 2792 1143 2860 semper
1162 2775 1197 2842 in
1219 2774 1425 2843 tribulatione
1445 2775 1589 2858 dilectat,
1610 2777 1657 2844 sic
1678 2776 1712 2843 in
1733 2774 1920 2845 infirmitate
1939 2776 2042 2844 virtu·

489 2886 552 2950 tm
572 2877 737 2966 perficiem
757 2876 947 2961 eorumdem,
973 2881 1011 2945 ut
1039 2895 1110 2945 cum
1141 2894 1177 2944 se
1208 2882 1412 2962 consumptos
1443 2879 1640 2963 putaverint,
1668 2884 1707 2946 ut
1730 2876 1858 2946 Lucifer
1885 2879 2040 2948 crismon
2101 2874 2103 2878 ’

489 2981 571 3053 flans
589 2980 706 3069 proisti
733 2980 872 3066 episcopi
896 2984 994 3065 atque
1022 2980 1177 3065 principos
1203 2979 1294 3047 nobis
1320 2980 1433 3049 humili
1460 2981 1617 3051 instando
1644 2982 1873 3067 supplicarunt,
1895 2989 1934 3050 ut
1953 2982 2041 3050 illios

489 3090 572 3154 terre
592 3083 782 3154 commitata
802 3083 955 3168 inspectu,
974 3088 1008 3151 te
1028 3102 1049 3150 a
1069 3081 1319 3150 lerosolimitane
1343 3083 1608 3169 peregrinationis
1635 3084 1759 3166 labore,
1787 3102 1910 3169 aquo,
1930 3090 1971 3153 nt
1990 3103 2043 3153 as·

490 3193 607 3273 munt,
632 3188 704 3272 ipsc
726 3193 759 3254 te
783 3184 921 3254 absolvit
945 3184 1122 3268 infirmitas,
1151 3184 1314 3253 absolvam
1340 3184 1554 3271 dgnarcmm,
1575 3194 1610 3256 et
1629 3188 1708 3256 dare
1733 3176 1957 3255 nichilominus
1982 3187 2043 3256 tibi

488 3290 647 3360 litonum
667 3289 824 3358 retinendi
845 3288 1086 3375 crucesignatos
1106 3289 1266 3373 provincie
1286 3295 1461 3359 memorate
1481 3308 1539 3375 per
1558 3289 1730 3359 trienninm
1751 3295 1864 3359 cauma
1882 3289 2040 3375 predicto·

344 3390 346 3394 '
489 3409 772 3480 rompagsnorum
796 3390 1468 3476 barbariempnguatnrcs,eoneeasatibi
1496 3392 2039 3479 etiilisearcniapeeeatarum,

490 3492 2041 3580 quodmossignadsmmsiturisadpnrtaslmosodmemdnlgenrnmdscpedictampm·

489 3595 622 3666 vinciam
642 3602 732 3665 trram
753 3595 959 3664 bellamus
979 3594 1187 3680 depauperati
1213 3595 1394 3680 configerit,
1422 3596 1534 3665 erdem
1559 3615 1599 3666 cx
1619 3604 1689 3666 toto
1710 3616 1908 3685 paganorum
1934 3599 2041 3666 inuu-
2129 3671 2138 3686 ,

490 3695 575 3768 ubas
594 3705 714 3785 pateat,
736 3705 771 3767 et
790 3717 848 3784 per
867 3698 940 3766 illos
960 3699 1016 3784 qui
1036 3696 1077 3765 ad
1098 3716 1168 3765 eam
1189 3697 1795 3784 tutandamaliquateunssuffeciment,
1816 3700 2042 3768 Terressncte

489 3800 642 3871 modiorum
660 3802 811 3870 nudans
832 3800 976 3870 accedat:
999 3819 1070 3868 cnm
1091 3818 1199 3868 omnes
1221 3798 1286 3867 iere
1307 3800 1353 3867 sic
1374 3800 1441 3868 sint
1454 3803 1589 3886 pecunia
1600 3805 1704 3887 vacui,
1718 3810 1757 3871 ut
1770 3801 1915 3870 nonnulli
1928 3819 2040 3869 corum

489 3902 1558 3989 dxnedmtnrexpersssadipsumiterneeessarimuabiturt
1583 3903 2043 3992 lieetigiturinteresteras

490 4004 714 4076 sollicitudines
733 4012 860 4075 nostm
881 4006 1017 4091 primum
1037 4007 1141 4074 locum
1159 4005 1303 4074 obducat
1323 4008 1486 4090 negotium
1505 4007 1603 4076 Terre
1622 4013 1743 4090 macte,
1766 4011 1914 4093 gerentes
1935 4011 2044 4091 umen

490 4104 529 4175 de
549 4113 606 4178 tua
626 4111 762 4180 carimte
782 4128 821 4178 ac
841 4109 993 4194 religierm
1013 4107 1160 4177 fiduciam
1181 4108 1365 4192 specisbm
1392 4115 1426 4178 te
1451 4110 1556 4194 ipsum
1583 4128 1623 4179 ac
1648 4117 1772 4180 eeteros
1798 4106 2045 4191 Crucesignatos

491 4211 544 4277 tue
564 4212 723 4296 provincie
743 4212 802 4281 tubi
824 4210 1064 4281 committendos
1085 4211 1233 4278 duximus
1258 4211 1292 4276 in
1314 4211 1375 4278 bac
1401 4218 1510 4296 parte,
1536 4219 1575 4280 ut
1590 4213 1756 4295 videficet,
1777 4212 1807 4278 si
1829 4208 1995 4294 cognoscis
2013 4212 2048 4274 to

491 4312 582 4380 muta
600 4312 786 4383 infirmitate
804 4319 982 4399 gavamm,
1004 4313 1088 4398 quod
1109 4312 1152 4380 ad
1171 4313 1369 4380 subeundum
1391 4313 1641 4383 Imosebmitane
1661 4313 1931 4401 peregrinationis
1959 4308 2050 4377 labo·

491 4425 555 4478 rem
576 4418 658 4484 teste
678 4417 872 4485 commentia
891 4417 1015 4484 iudicas¹
1032 4422 1064 4482 tc
1085 4416 1241 4500 ineptum:
1263 4415 1385 4500 etipse
1404 4416 1532 4501 quidem
1554 4437 1717 4487 mmauoes
1736 4415 1938 4501 provinciam
1959 4416 2053 4478 tuam

490 4529 512 4578 ιι
530 4511 684 4586 dictorum
705 4538 899 4605 paganorum
921 4517 1098 4587 iucursibus
1120 4522 1275 4602 quantum
1293 4517 1448 4586 Dominus
1477 4521 1668 4589 mucesoerit
1693 4521 1900 4599 defensurus,
1924 4520 1960 4582 et
1980 4512 2058 4579 illos

492 4611 731 4705 Cruocsignatos
752 4629 857 4691 tecum
877 4623 920 4690 ad
941 4623 1026 4689 illius
1046 4620 1257 4689 defensionem
1278 4621 1426 4704 retineas,
1448 4642 1529 4708 quos
1550 4624 1600 4691 vel
1628 4622 1839 4692 imbecillitas
1867 4616 1986 4684 urium
2007 4610 2063 4678 rei

491 4732 584 4802 opum
599 4725 738 4792 terruitss
759 4726 864 4793 reddit
885 4724 1039 4793 inhabiles
1058 4731 1093 4794 et
1112 4724 1241 4792 inutiles
1272 4726 1398 4809 negotio
1427 4727 1528 4812 ipsius
1553 4727 1651 4796 'ierre
1675 4732 1809 4805 sancte,
1839 4721 1910 4788 illis
1936 4717 1997 4802 qni
2022 4712 2069 4781 od

491 4813 550 4887 hot
569 4820 673 4894 idonei
694 4828 892 4912 videbantur,
915 4828 958 4896 ad
977 4829 1116 4896 eiusdem
1137 4846 1335 4908 succursum,
1363 4846 1436 4896 cum
1456 4829 1499 4895 nd
1524 4828 1558 4896 id
1578 4848 1614 4898 se
1633 4836 1709 4898 roto
1731 4824 1968 4900 animract
1991 4832 2075 4900 ΡΝ·

493 4915 628 5010 ioetulis,
649 4934 684 4996 et
704 4935 770 4997 tam
791 4930 854 4997 biis
874 4948 969 5015 quam
989 4930 1053 4997 illis
1073 4949 1112 4998 ea
1131 4930 1286 5013 garunna
1307 4930 1399 4998 venia
1412 4936 1703 5019 peccatorumque
1716 4925 1968 5014 approbatione
1982 4915 2081 4984 Gon·

492 5018 554 5089 dlii
574 5030 728 5110 generalis
750 5031 984 5117 Orueoeignatis
1003 5033 1191 5116 generaliter
1211 5032 1402 5116 indulgetur.
1446 5033 1498 5101 ltu
1519 5034 1588 5117 bec,
1610 5036 1688 5119 quia
1715 5032 1863 5098 demum
1892 5023 1956 5089 init
1976 5015 2087 5083 nobis

493 5119 716 5201 instantissime
737 5135 959 5221 supplicatum,
982 5142 1019 5204 ut
1036 5154 1144 5203 omnes
1165 5134 1420 5220 (lruooeignatos,
1434 5137 1549 5205 adtem
1564 5136 1699 5205 duorum
1720 5133 1918 5199 ducatuum
1936 5117 2092 5187 Polemie

493 5226 546 5305 qui
567 5239 642 5300 tout
662 5238 762 5322 magis
783 5238 878 5305 ricini
899 5239 1041 5323 paganis,
1062 5245 1178 5307 areta
1195 5237 1447 5306 lerosolimitaue
1467 5239 1735 5324 peregrinationis
1756 5229 1942 5301 almitati
1962 5220 2101 5302 ilium·

495 5341 610 5401 mur:
629 5334 771 5408 minume
792 5339 911 5408 danem
932 5346 970 5408 ut
989 5347 1130 5426 pugnent
1149 5345 1262 5410 oontm
1281 5359 1423 5427 paganos
1442 5342 1539 5427 ipses,
1558 5342 1669 5413 erdem
1683 5327 1912 5417 iululssfflffl
1923 5320 2108 5409 Nimis
