4492 6224
663 910 837 992 Preterea,
883 928 1096 996 quascumque
1137 910 1366 996 possessiones,
1421 928 1617 995 quecumque
1664 908 1748 976 bona
1779 908 1864 976 idern
1903 908 2128 979 monasterium
2154 918 2206 990 im.

665 1013 896 1099 presentiarum
939 1013 1023 1081 iasto
1065 1019 1099 1080 et
1127 1014 1289 1084 ,canonice
1333 1012 1488 1097 possidet,
1544 1020 1601 1081 aut
1645 1013 1678 1080 in
1721 1011 1862 1078 futurum
1904 1010 2101 1078 concessione
2141 1036 2209 1102 pop

664 1117 800 1201 titicum,
842 1116 1009 1201 largitione
1052 1135 1161 1200 regum
1204 1117 1254 1183 vel
1297 1117 1492 1201 principum,
1540 1115 1699 1185 oblatione
1748 1114 1888 1182 fidelium
1932 1132 1988 1180 seu
2022 1113 2095 1181 aliis
2126 1118 2209 1193 lustr,

662 1219 765 1287 modis
800 1225 963 1304 prestante
998 1217 1134 1285 Domino
1169 1219 1288 1302 poterit
1327 1219 1475 1303 adipisci,
1524 1219 1616 1286 timna
1650 1218 1739 1285 vobis
1774 1217 1953 1301 ventrisque
1987 1223 2208 1296 suecessoribus

662 1326 697 1391 et
718 1320 842 1390 illibata
861 1327 1078 1406 permaneant.
1101 1319 1139 1386 ln
1153 1320 1268 1404 quibus
1283 1322 1340 1389 hee
1355 1322 1491 1406 propriis
1511 1321 1659 1388 duximus
1679 1319 1883 1404 exprimenda
1904 1317 2080 1386 vocabulis:
2100 1319 2208 1400 Locum

541 1444 548 1458 ·
663 1424 768 1510 ipsum
789 1424 823 1490 iu
840 1441 904 1508 quo
925 1422 1085 1510 prefatum
1106 1423 1333 1490 monasterium
1354 1426 1452 1490 situm
1473 1428 1523 1491 est
1543 1441 1616 1491 curn
1637 1422 1781 1491 omnibus
1803 1422 2003 1506 pertinentiis
2022 1421 2105 1503 suis;
2140 1426 2208 1500 Tar.

661 1545 735 1610 nov,
756 1526 865 1610 Reglin
887 1532 921 1594 et
938 1526 1097 1594 Strasovre
1118 1544 1189 1593 eum
1210 1524 1412 1608 pertinentiis
1433 1527 1515 1609 suis,
1542 1526 1690 1593 Losclrun
1709 1531 1743 1593 et
1760 1524 1896 1593 Verania
1917 1544 1990 1592 aum
2007 1525 2207 1616 pertinentiis,

662 1627 962 1714 Olesno,1‘angroz,
984 1627 1193 1711 Dambagora,
1216 1627 1395 1712 Macrones,
1417 1629 1509 1706 Ture,
1532 1628 1666 1711 blantef,
1687 1628 1888 1709 Glovelrove,
1911 1627 2040 1710 Ilorcin,
2063 1625 2207 1704 cobilnelr

664 1737 699 1800 et
720 1731 908 1816 Zlopanovm
929 1749 1001 1799 cum
1019 1730 1163 1799 omnibus
1185 1731 1386 1814 pertinentiis
1407 1732 1491 1814 suis,
1513 1749 1586 1799 curn
1606 1731 1722 1814 pratis,
1754 1729 1869 1811 vineis,
1904 1729 2008 1812 terris,
2040 1734 2209 1808 nemoribus

662 1833 803 1919 remiis
821 1838 855 1902 et
875 1834 1019 1918 pascum,
1041 1832 1075 1900 in
1097 1832 1191 1900 besco
1213 1838 1248 1900 et
1265 1833 1372 1918 plano,
1394 1834 1428 1899 in
1448 1834 1540 1918 aquis
1559 1838 1593 1901 et
1613 1831 1817 1912 molendinis,
1840 1831 1873 1897 in
1894 1831 1955 1898 viis
1973 1837 2007 1899 ct
2027 1833 2160 1919 semitis,
2180 1851 2208 1909 er

661 1935 806 2019 omnibus
824 1936 896 2003 aliis
917 1935 1119 2004 libertatibus
1140 1941 1174 2004 et
1194 1935 1446 2004 immunitatibus
1468 1936 1545 2003 suis
1568 1935 1661 2018 Sane,
1683 1935 1827 2002 laborum
1848 1940 2025 2001 vestrorum
2043 1952 2122 2018 quos
2141 1957 2206 2023 pro

660 2039 740 2124 priis
760 2038 905 2107 manibus
923 2043 983 2106 aut
1003 2038 1181 2123 sumptibus
1202 2039 1325 2121 colitis,
1360 2038 1401 2107 de
1422 2037 1672 2123 possessionibus
1693 2035 1811 2104 habitis
1831 2041 1907 2104 aute
1929 2035 2103 2104 Concilium
2123 2057 2208 2124 gene

660 2140 738 2225 rale,
757 2141 824 2209 sive
841 2140 881 2209 de
902 2140 982 2208 ortis
1004 2147 1038 2209 et
1055 2141 1201 2225 virgultis
1223 2145 1257 2208 ct
1277 2140 1504 2225 piscationibus
1524 2141 1657 2222 vestris
1679 2140 1730 2208 vel
1748 2139 1789 2206 de
1810 2139 2013 2207 nutrimentis
2034 2141 2208 2216 animalium

660 2249 848 2327 vestorum,
869 2248 927 2311 aut
948 2244 1046 2312 etiam
1067 2242 1107 2312 de
1127 2243 1307 2311 novalibus:
1344 2243 1451 2310 nullos
1481 2241 1611 2310 avobis
1638 2242 1775 2310 decimas
1797 2241 1922 2326 exigam
1952 2240 2002 2308 vel
2030 2249 2208 2329 extorquere

660 2352 834 2433 presumat
856 2345 968 2414 liceat
988 2364 1115 2431 qnoque
1135 2344 1224 2413 vobis
1245 2346 1376 2414 clericos
1397 2346 1447 2413 vel
1468 2346 1566 2414 laicos
1586 2345 1702 2413 liberos
1720 2350 1755 2413 et
1774 2344 1936 2413 absolutos
1958 2364 1977 2412 e
1997 2345 2081 2412 melo
2095 2344 2208 2431 fugien-

661 2453 721 2532 tes,
743 2447 786 2517 ed
807 2448 1040 2517 meversiouem
1061 2448 1201 2532 recipere
1221 2454 1256 2515 et
1277 2466 1331 2515 eos
1349 2447 1469 2533 absque
1487 2447 1736 2516 contradictione
1755 2448 1864 2531 aliqua
1883 2447 2031 2515 retinere.
2066 2447 2207 2519 Prohibe

659 2568 732 2629 mas
752 2551 891 2635 insuper,
913 2556 951 2618 ut
971 2550 1052 2618 nulli
1072 2549 1208 2618 fratrom
1228 2557 1406 2618 vestrorum
1427 2556 1501 2635 post
1517 2548 1635 2619 factam
1656 2550 1691 2617 in
1712 2550 1903 2617 monaterio
1924 2555 2031 2617 vestro
2048 2548 2208 2633 professio

660 2671 734 2722 nem
766 2651 815 2721 fas
836 2654 880 2721 sit
910 2654 979 2722 sine
1000 2652 1125 2720 abbatis
1146 2653 1197 2720 sui
1230 2653 1359 2721 licentia
1383 2653 1559 2742 decedam
1587 2654 1656 2721 loeo
1677 2652 1847 2720 disoedere.
1891 2650 2112 2721 Discedentem
2139 2672 2208 2723 vero

659 2755 780 2842 ebsqm
801 2757 1013 2832 communium
1031 2756 1211 2824 litterarum
1232 2761 1411 2823 vestramm
1431 2757 1593 2837 motione,
1622 2755 1729 2823 nullus
1749 2754 1869 2822 andeet
1889 2754 2035 2822 retinam
2076 2754 2209 2835 Quodsi

660 2859 733 2943 quis
754 2857 837 2927 forte
857 2859 995 2927 retinme
1015 2859 1259 2944 presumpserit,
1295 2858 1419 2926 licitum
1440 2856 1530 2925 vobis
1560 2857 1604 2924 sit
1624 2857 1659 2925 in
1679 2857 1765 2942 ipsos
1786 2856 1957 2924 monachos
1978 2856 2028 2924 vel
2049 2874 2209 2926 conversas

658 2961 836 3048 molarem
857 2961 1048 3030 sententiam
1068 2959 1278 3046 promulgare
1315 2959 1399 3028 Illud
1420 2959 1597 3028 districtm
1618 2959 1807 3043 inhibentes,
1828 2976 1870 3026 ne
1890 2964 1994 3026 terras
2015 2977 2071 3026 seu
2092 2961 2209 3045 quodli-

657 3062 715 3134 bet
733 3062 919 3133 musteum
940 3062 1071 3132 ecclesie
1091 3069 1196 3131 vestre
1217 3063 1378 3146 collatum,
1400 3063 1496 3130 liceat
1513 3062 1609 3131 alicui
1631 3061 1841 3147 personaliter
1861 3061 1931 3129 dari
1952 3062 2019 3129 sive
2036 3062 2100 3129 alio
2120 3064 2208 3132 ruodo

657 3165 791 3235 alienari
821 3165 940 3252 absque
961 3183 1115 3234 consensu
1148 3166 1247 3233 totius
1269 3164 1410 3250 Capituli
1441 3164 1491 3233 vel
1513 3166 1642 3232 maioris
1671 3171 1729 3233 aut
1748 3164 1884 3232 sanioris
1905 3165 2006 3248 partis
2028 3165 2135 3249 ipsias
2177 3165 2209 3234 Si

657 3283 721 3353 qne
740 3288 816 3338 vero
835 3269 1021 3337 donationes
1040 3269 1091 3337 vel
1112 3269 1320 3336 alienationes
1340 3268 1436 3335 aliter
1456 3286 1553 3353 quam
1572 3267 1693 3335 (liceum
1715 3265 1871 3336 estfacte
1890 3265 2018 3349 fuerint,
2038 3285 2092 3334 cas
2105 3267 2208 3336 irritas

657 3389 728 3440 esse
745 3389 916 3441 censemus.
956 3370 1010 3438 Ad
1030 3370 1089 3438 hec
1109 3371 1207 3438 etiam
1228 3369 1443 3456 prohibemus,
1479 3388 1520 3438 ne
1546 3369 1662 3456 aliquis
1689 3369 1862 3438 monachus
1881 3371 1949 3437 sive
1967 3388 2134 3438 conversus
2154 3370 2208 3437 suh

657 3472 852 3560 professione
869 3478 974 3542 vestre
995 3471 1107 3541 domus
1127 3473 1291 3549 astrictus,
1328 3473 1398 3541 sine
1424 3490 1579 3541 consensu
1599 3472 1725 3540 abbatis
1746 3478 1781 3541 et
1799 3472 1928 3540 maioris
1951 3473 2052 3556 partis
2074 3472 2209 3559 capituli

658 3577 758 3645 vestri
779 3596 837 3663 pro
857 3575 965 3662 aliquo
986 3574 1173 3658 fideiubeat,
1204 3580 1255 3647 vel
1284 3576 1325 3644 ab
1357 3575 1465 3660 aliqrm
1483 3576 1648 3661 pecaniam
1669 3581 1779 3643 mutuo
1798 3575 1934 3659 accipiat
1969 3575 2056 3642 ultra
2075 3576 2208 3660 pretium

658 3676 799 3764 Capituli
820 3679 918 3747 vestri
938 3678 1139 3764 providentia
1159 3675 1387 3760 constitutum,
1409 3678 1472 3745 nisi
1492 3684 1623 3764 propter
1644 3677 1845 3747 manifestem
1865 3677 1978 3744 domus
1999 3683 2105 3747 vestre
2126 3677 2208 3745 utili·

656 3785 767 3850 tatem
790 3773 880 3864 Quod
901 3781 930 3849 si
951 3780 1054 3850 facere
1074 3779 1158 3848 forte
1179 3780 1421 3865 presumpserit,
1442 3798 1507 3849 non
1524 3787 1672 3849 teneatur
1694 3780 1875 3879 Conventus
1895 3799 1954 3865 pro
1976 3780 2037 3848 hiis
2058 3781 2208 3867 aliquate

512 3895 516 3903 '
654 3902 716 3953 uus
737 3883 936 3970 respondere.
979 3882 1117 3951 licitum
1139 3888 1285 3967 preterea
1304 3883 1349 3950 sit
1368 3882 1458 3950 vobis
1479 3882 1513 3950 in
1534 3885 1638 3952 causis
1659 3882 1815 3968 propriis,
1836 3883 1904 3950 sive
1924 3883 2048 3950 mvilern
2066 3885 2132 3953 sive
2152 3883 2208 3952 cri·

655 3986 804 4055 niualem
826 3987 1009 4054 contineant
1029 3987 1241 4070 questionem,
1274 3984 1411 4052 fratrmn
1431 3991 1608 4053 vestrorum
1631 3985 1820 4053 testimoniis
1841 3985 1905 4067 uti,
1938 4004 1980 4054 ne
2012 4005 2071 4070 pre
2087 3984 2208 4054 defectu

655 4089 786 4158 ιωιίιιιιι
807 4089 857 4157 ius
878 4094 1020 4157 vestrum
1040 4088 1074 4155 in
1095 4087 1203 4173 adque
1224 4086 1330 4155 valeat
1350 4087 1503 4172 deperire.
1525 4087 1660 4172 Insuper
1680 4088 1873 4156 auctoritate
1894 4089 2070 4173 apostolica
2090 4089 2207 4155 inhibe

655 4209 736 4276 mus,
754 4209 796 4259 ne
817 4191 901 4258 ullus
921 4192 1087 4276 episcopus
1106 4191 1157 4257 vel
1179 4189 1320 4275 quelibet
1340 4191 1405 4257 alia
1418 4208 1554 4275 persona
1589 4190 1630 4257 ad
1656 4190 1790 4258 Sinodos
1810 4190 1861 4259 vel
1882 4197 2055 4259 conventus
2073 4191 2207 4260 forenses

653 4311 711 4362 vos
729 4294 790 4369 ira.
826 4292 876 4361 vel
905 4294 1021 4361 iudicio
1042 4292 1176 4362 seculari
1196 4292 1236 4360 de
1253 4297 1361 4360 vestra
1393 4293 1522 4377 propria
1539 4294 1699 4361 sustantia
1732 4292 1784 4361 vel
1816 4293 2064 4378 possessrbnibus
2097 4292 2207 4362 vestris

653 4394 816 4464 subiacere
836 4395 1023 4480 compellat;
1045 4413 1103 4462 nec
1118 4394 1159 4463 ad
1173 4394 1282 4462 domos
1305 4399 1428 4461 vestras
1449 4412 1546 4461 causa
1567 4395 1693 4464 ordines
1715 4395 1903 4478 celebrandi,
1927 4413 2038 4464 causas
2054 4394 2206 4465 tractandi

653 4498 703 4567 vel
725 4506 896 4568 cenventus
917 4499 1041 4583 aliquos
1062 4499 1205 4583 publicos
1226 4497 1419 4567 convocandi
1439 4499 1546 4566 venire
1567 4504 1740 4582 presumat,
1763 4515 1821 4565 nee
1835 4498 2011 4582 regularem
2025 4500 2206 4567 electionem

652 4599 778 4669 abbatis
798 4602 897 4669 vestri
913 4601 1076 4686 impediat,
1098 4607 1155 4669 aut
1176 4601 1216 4669 de
1237 4600 1433 4669 instituendo
1455 4601 1505 4668 vel
1527 4599 1716 4668 removendo
1738 4619 1776 4667 eo
1794 4600 1851 4685 qui
1872 4619 1930 4686 pro
1953 4607 2094 4687 tempore
2114 4602 2207 4670 fuerit

652 4710 765 4773 eontm
785 4710 909 4774 statuta
929 4704 1149 4773 cisterciensis
1170 4705 1298 4772 Ordinis
1319 4722 1354 4772 se
1375 4705 1577 4788 ademtenus
1599 4703 1803 4770 intromittat
1826 4703 1861 4770 Si
1882 4722 1956 4771 vero
1979 4706 2153 4791 episcopus,
2175 4704 2206 4771 in

652 4807 742 4875 cuius
763 4807 930 4892 parrochia
950 4807 1063 4875 domus
1085 4813 1191 4876 vestra
1212 4807 1346 4875 fundata
1367 4812 1427 4889 est,
1448 4826 1520 4876 cum
1542 4807 1724 4875 humilitate
1745 4824 1784 4874 ac
1801 4806 1967 4876 devotione
1988 4827 2052 4893 qua
2065 4807 2207 4877 convenit

652 4909 838 4994 requisitus,
869 4910 1079 4978 substitutum
1100 4911 1247 4978 abbatem
1267 4911 1451 4979 benedicere
1472 4917 1507 4977 et
1527 4910 1592 4978 alia
1611 4928 1674 4994 que
1694 4909 1736 4975 ad
1757 4909 1895 4979 officium
1916 4911 2094 4997 episcopale
2112 4910 2206 4997 perti·

651 5016 730 5080 nent
750 5011 839 5079 vobis
860 5013 1002 5080 conferre
1023 5014 1182 5095 renuerit,
1205 5012 1329 5080 licitum
1351 5014 1395 5080 sit
1416 5013 1516 5081 eidem
1536 5011 1656 5094 abbati,
1678 5013 1707 5078 si
1724 5015 1987 5081 tamensaeerdos
2005 5013 2114 5098 fucrit,
2137 5031 2206 5099 pre

649 5113 737 5198 prios
758 5113 895 5183 novicios
917 5114 1100 5182 benedicere
1119 5121 1153 5182 ot
1170 5116 1236 5183 ulia
1255 5133 1317 5199 que
1338 5115 1380 5182 ad
1401 5115 1539 5183 officium
1560 5133 1653 5182 suum
1674 5115 1837 5198 pertinent
1857 5134 2016 5199 exeruere,
2053 5122 2086 5185 et
2119 5115 2205 5184 vobis

650 5216 758 5284 omnia
778 5216 820 5286 ab
839 5218 903 5285 alio
924 5220 1071 5303 episcopo
1093 5219 1255 5302 percipere
1274 5237 1337 5303 que
1358 5238 1378 5286 a
1399 5225 1505 5286 vestro
1527 5218 1657 5286 fuorunt
1678 5217 1817 5285 indebite
1837 5217 2010 5302 denegata3
2040 5219 2118 5288 illud
2140 5218 2205 5288 adi·
2227 5273 2230 5278 ⁷

651 5319 784 5402 mentm,
820 5326 857 5387 at
878 5320 910 5387 in
932 5321 1119 5406 recipiendis
1140 5320 1386 5406 prefessionibus
1408 5341 1470 5408 que
1491 5341 1512 5390 a
1532 5322 1707 5391 benedictis
1728 5321 1779 5389 vel
1798 5320 2018 5391 benedicendis
2040 5321 2204 5392 abbatibus

650 5421 854 5505 exhibentur,
891 5442 931 5490 ea
950 5424 1016 5490 sint
1036 5424 1175 5508 episcopi
1197 5423 1299 5493 forrna
1320 5431 1355 5493 et
1374 5427 1575 5510 expressione
1596 5424 1755 5506 contenti,
1789 5441 1852 5507 que
1874 5424 1916 5492 ab
1937 5427 2058 5510 origine
2079 5423 2204 5495 Ordinis

648 5527 791 5594 noscitur
812 5527 974 5594 institute:
996 5534 1034 5596 ut
1056 5529 1177 5596 scilieet
1199 5528 1332 5596 abbates
1354 5528 1414 5613 ipsi
1436 5528 1523 5595 salvo
1535 5529 1654 5596 Ordine
1676 5546 1733 5594 suo
1754 5527 1896 5613 profiteri
1918 5529 2064 5613 «debeant,
2087 5537 2120 5598 et
2134 5544 2205 5596 eorr-

649 5634 701 5697 tra
723 5634 846 5697 statuto
867 5629 995 5697 Ordinis
1017 5632 1066 5698 sui
1089 5631 1208 5698 nullam
1227 5629 1453 5716 professionem
1475 5630 1578 5699 faeere
1599 5631 1837 5716 compellantur.
1880 5631 1942 5700 Pro
1965 5629 2204 5702 consecrationi·
