4574 6240
1973 297 2047 371 193

500 507 579 573 luce
600 502 750 578 Marone,
772 501 933 569 llaaimiro
950 501 1030 570 ‹luoe
1044 501 1174 569 Cuiavie
1188 506 1223 568 et
1237 500 1405 582 Semomto,
1427 516 1485 566 noe
1499 516 1562 564 non
1576 502 1611 564 et
1623 452 1794 565 reamabili
1818 501 1908 581 patre
1921 497 1961 563 A.
1976 494 2048 562 Plo·

499 606 582 678 censi
603 605 748 690 episcopo
770 605 899 688 eiusque
919 605 1017 672 fratre
1039 604 1203 685 Virbetlrn‚
1222 624 1260 672 ae
1282 605 1353 671 aliis
1375 603 1546 670 nostriset
1566 598 1702 666 liliorum
1723 605 1903 667 nostrorum
1921 598 2048 666 baroni·

390 723 396 734 ‘
497 710 565 790 bus,
586 705 734 773 videlieet
753 706 881 791 Bogusa
901 708 1041 791 palatino
1063 707 1291 789 Lancbiciensi,
1314 706 1495 790 Stepiranus
1513 721 1611 786 agaza
1634 701 1860 782 cracoviensis,
1888 701 2048 785 Mstigneo

497 809 598 880 iurliee
619 808 659 875 de
681 807 828 889 omrai,
851 809 1001 876 Badislao
1024 811 1193 876 camerario
1216 808 1350 905 ducisse,
1372 806 1565 890 Domavycio
1594 803 1793 872 thesaurario
1819 802 1919 885 dacis,
1948 803 2048 870 Woli·

496 913 577 981 miro
598 910 796 992 cancellario,
818 911 913 977 Petro
935 912 989 993 qui
1010 911 1128 978 dicitur
1149 911 1217 977 sine
1239 911 1348 990 mado,
1372 909 1526 977 Nicbolao
1540 905 1782 984 subcamerario,
1804 904 1960 971 Warsone
1973 904 2047 971 sub

496 1012 677 1091 camerario,
700 1010 838 1079 Falcone
857 1012 1017 1095 preposito
1043 1012 1132 1079 ducis
1159 1010 1306 1091 conradi,
1335 1009 1485 1093 Witgone
1508 1009 1680 1076 castellano
1706 1006 1746 1073 de
1771 1006 1896 1089 Ploesk,
1922 1005 2049 1090 Bagaso

496 1112 667 1183 castellano
688 1113 727 1180 ue
748 1113 863 1179 laveno
885 1112 1068 1194 Wloalislav,
1091 1113 1231 1180 Martino
1253 1111 1423 1179 waliam
1444 1109 1663 1192 crusviciensi,
1685 1109 1807 1192 Boseyo
1822 1106 1993 1175 castellano
2008 1107 2049 1175 de

497 1214 615 1295 Lenda,
637 1213 773 1297 Symone
794 1213 965 1281 castellano
986 1214 1026 1281 de
1047 1214 1173 1297 Slonslr‚
1200 1214 1356 1297 Boguslao
1381 1213 1541 1296 pincerna,
1569 1212 1697 1279 Sdeslao
1715 1208 1865 1294 dapifero,
1894 1208 2048 1277 Niebolao

497 1317 694 1384 thesaurario
715 1315 804 1382 dacis
825 1317 975 1382 llazimiri
995 1323 1029 1383 et
1049 1318 1121 1384 aliis
1143 1316 1390 1401 quampluribus.
1435 1313 1485 1380 Ne
1506 1320 1613 1381 autem
1640 1321 1706 1380 tarn
1729 1312 1902 1394 sollempne
1927 1310 2047 1378 iactum

496 1436 643 1503 processu
666 1418 815 1500 temporis
838 1436 976 1501 unquam
998 1418 1030 1483 in
1051 1417 1181 1484 dubium
1204 1423 1356 1497 vertatur,
1378 1421 1557 1498 presentem
1579 1415 1726 1498 pagiuam
1751 1419 1860 1480 nostro
1881 1419 1915 1480 et
1933 1411 2048 1497 prefati
2091 1430 2096 1446 ·

495 1518 583 1585 alueis
604 1517 637 1584 S.
660 1536 698 1584 ae
719 1518 855 1584 liliorum
875 1525 1055 1585 nostrorum
1069 1519 1206 1585 Beleslai
1220 1525 1253 1585 et
1266 1517 1429 1598 Kazimiri‚
1452 1534 1510 1582 nee
1524 1533 1588 1581 non
1601 1515 1788 1583 venerabilis
1804 1515 1906 1601 patris
1918 1515 2046 1583 anmoe

495 1617 653 1686 Ploeensis
674 1618 812 1702 episcopi
830 1618 941 1702 sigillis
963 1619 1188 1686 roboravimus.

598 1803 791 1887 Ostrowsko,
821 1797 995 1871 Ostrowelco.
1039 1807 1180 1888 Uaeiew,
1208 1806 1346 1886 Uaiejow.
1390 1805 2047 1887 Pomuzosv,aieodpadnioae;moie1>o-

497 1928 652 1988 marzoap,
670 1928 706 1987 p.
728 1927 767 1972 m.
787 1908 930 1990 liobrzya
951 1931 982 1973 a.
1003 1931 1046 1973 η.
1067 1913 1206 1995 limfae,
1227 1912 1276 1973 lab
1295 1912 1469 1985 Pomieltom,
1488 1928 1522 1989 p.
1541 1929 1579 1974 m.
1602 1911 1710 1974 Plocio.
1740 1905 1887 1989 omasi,
1910 1909 2047 1972 Sieroriz.

497 2007 621 2078 iuvenis
643 2007 829 2092 Wladislav,
853 2014 1064 2078 laomedon.
1107 2009 1227 2092 Lenda,
1249 2012 1323 2098 loa
1368 2008 1494 2092 Slonsls,
1517 2009 1637 2074 Storiek

1173 2307 1248 2395 Nr.
1279 2299 1384 2393 23οζ

599 2503 722 2588 comes
748 2503 773 2590 J
774 2506 929 2588 anesius
946 2504 1050 2587 illim
1068 2503 1215 2588 comitis
1237 2501 1381 2586 Sereno
1404 2506 1572 2584 1241o.
1590 2503 1624 2584 d.
1643 2501 1873 2603 elimontem
1888 2522 2047 2587 manate

497 2623 545 2692 rio
565 2623 708 2710 Paradyt
725 2624 833 2691 villam
855 2625 1028 2694 Lubnieko.

597 2729 675 2792 ana
690 2746 829 2807 perenna
852 2734 968 2809 orppia
991 2729 1249 2815 tonnebrzmiqee,
1277 2726 1390 2809 oprtet
1417 2731 1503 2807 apiae
1528 2724 1706 2807 lniadklm
1731 2746 1760 2789 u
1779 2728 1908 2806 samem
1925 2727 2047 2790 merki

494 2831 536 2893 od
550 2834 790 2910 prtpnierzeaio
804 2829 918 2909 senne
933 2836 1075 2917 pieezpea
1098 2829 1260 2912 zktowcb
1273 2834 1386 2912 jedna,
1407 2831 1517 2896 osobao
1533 2831 1726 2911 micam
1744 2826 1872 2914 pieczpt
1891 2829 2046 2904 laruam

496 2932 736 3082 mim
780 3018 854 3081 ner
877 3018 1048 3100 manaa.
1092 3022 1232 3098 nepam
1253 3022 1287 3083 a
1309 3020 1354 3082 ιο
1374 3022 1387 3082 s
1407 3021 1441 3082 a
1463 3019 1516 3083 11.

597 3184 636 3252 ln
656 3187 782 3253 nomme
803 3191 912 3254 sancte
932 3193 967 3254 et
987 3187 1147 3255 individae
1167 3187 1343 3255 Trinitatis.
1389 3184 1469 3254 cum
1491 3192 1606 3254 cuneta
1625 3186 1710 3254 bona
1723 3187 1911 3271 temporalia
1930 3187 2046 3255 bann-

494 3286 578 3354 toria
597 3286 664 3354 sint
684 3294 718 3355 et
739 3286 866 3370 caduca,
889 3287 1018 3372 dignum
1039 3295 1090 3356 est
1108 3296 1142 3357 et
1162 3289 1289 3356 salubre
1309 3294 1347 3355 ut
1364 3289 1405 3356 de
1431 3289 1623 3356 bansitoriis
1650 3289 1810 3357 lucremur
1831 3309 2045 3375 permansura,

494 3405 533 3454 ea
554 3385 674 3456 Christi
695 3389 886 3475 pauperibus
907 3391 1074 3474 erogando,
1098 3392 1153 3476 qai
1175 3411 1233 3477 pro
1255 3390 1345 3458 nobis
1365 3391 1586 3459 interoessores
1607 3396 1641 3458 et
1661 3391 1808 3458 advocati
1829 3392 1969 3459 existm
1985 3410 2044 3476 pro

494 3491 611 3558 nostris
632 3492 772 3560 reatibus
792 3511 950 3560 mmmum
971 3493 1109 3562 Iudicem
1131 3494 1298 3562 morando.
1342 3491 1463 3560 Notum
1484 3493 1527 3558 sit
1549 3493 1647 3576 igitar
1667 3495 1822 3561 universis
1842 3499 1909 3560 tam
1928 3492 2045 3561 atum

494 3609 590 3676 qaam
610 3593 809 3682 presentibus
832 3593 952 3663 Christi
973 3594 1128 3678 fidelibus,
1147 3596 1232 3679 quod
1246 3613 1303 3678 ego
1318 3612 1422 3662 eomes
1436 3593 1582 3662 Ianasius
1594 3594 1679 3663 filius
1692 3597 1817 3665 comitis
1831 3596 1959 3668 &emo
1974 3615 2046 3664 eam

494 3710 648 3762 consensa
668 3697 781 3764 mamb
802 3715 871 3764 mee
893 3696 1026 3782 cmpos,
1045 3697 1152 3764 uuna
1172 3698 1348 3780 inspirante
1377 3695 1547 3764 clemencia
1575 3698 1696 3765 contuli
1720 3697 1814 3767 beate
1837 3705 1872 3766 et
1892 3704 2046 3784 perpetuo

495 3795 610 3882 virgini
630 3798 691 3866 Dei
711 3798 858 3882 genitrici
880 3799 981 3866 Mario
1000 3804 1034 3865 et
1052 3799 1176 3866 dilectis
1197 3797 1349 3864 iratribus
1362 3797 1402 3864 ae
1415 3796 1575 3882 Paradyso
1588 3797 1717 3867 Ordinis
1730 3799 1957 3883 cisterciensis,
1978 3800 2046 3869 ‹lio-

497 3899 577 3967 ossis
596 3899 845 3983 Posznaniensis,
866 3901 973 3968 villam
995 3901 1120 3968 nomine
1141 3900 1341 3984 Lubinytzko
1368 3918 1439 3967 eom
1464 3901 1609 3968 omnibus
1639 3903 1783 3971 terminis
1809 3909 1843 3970 et
1865 3904 2047 3972 attinenciis

497 3999 565 4068 sais
590 4007 744 4086 perpetua
766 4001 923 4083 libertate,
953 4002 1166 4087 predictarum
1187 4002 1321 4069 bamam
1347 4002 1585 4070 necessatibus
1606 4009 1640 4070 et
1659 4005 1757 4071 saluti
1782 4023 1851 4073 mee
1876 4012 1910 4073 et
1933 4006 2047 4091 prede-

494 4117 655 4170 osmoram
675 4122 815 4170 meorum
837 4104 965 4188 cupiens
987 4103 1159 4189 providere.
1203 4103 1251 4172 Ut
1271 4105 1369 4186 igitm
1395 4103 1454 4171 bec
1482 4121 1555 4171 mee
1583 4103 1715 4173 domnio
1736 4108 1770 4173 in
1792 4113 1953 4191 posteram
1973 4113 2047 4176 rata

493 4210 622 4273 meat
642 4212 676 4273 et
697 4207 889 4288 inconvulsa
911 4225 1041 4290 presens
1060 4207 1215 4290 scriptum
1236 4206 1332 4289 sigilli
1352 4206 1416 4272 mei
1435 4206 1627 4290 appensione
1651 4206 1728 4273 duxi
1754 4208 1957 4276 munientium
1977 4210 2045 4277 ido·

493 4306 562 4373 aeis
582 4306 733 4376 adhibitis
754 4308 899 4389 testibus,
921 4327 1055 4391 quorum
1074 4310 1201 4376 nomina
1223 4313 1297 4374 sunt
1318 4308 1391 4374 hee:
1419 4309 1471 4390 pie
1496 4309 1645 4376 memorie
1670 4308 1827 4377 Heariens
1855 4310 1920 4377 dax
1941 4310 2045 4379 Zlezie

494 4412 528 4474 et
547 4407 686 4491 Polonie,
708 4428 811 4478 eomes
832 4409 1011 4495 Stephanus
1032 4412 1202 4495 palatinus,
1224 4428 1326 4478 eomes
1344 4410 1519 4492 Bronisius,
1541 4429 1644 4479 eomes
1664 4410 1815 4494 Wissota
1838 4431 1941 4480 eomes
1960 4411 2045 4480 Wis-

494 4508 637 4593 semiras,
659 4529 763 4579 eomes
784 4512 956 4594 lanussius,
979 4531 1083 4580 eomes
1104 4513 1266 4581 servatius
1287 4518 1321 4579 et
1341 4512 1397 4580 alii
1419 4514 1639 4598 quamplures
1660 4519 1761 4582 testes
1783 4514 1896 4584 idonei
1925 4514 2045 4583 mium

493 4628 577 4681 anno
598 4613 762 4682 Dominice
782 4615 1014 4683 lucarnaeionis
1037 4614 1670 4699 M.cc.xa.1,1ndictionequinaeeima
1706 4673 1711 4683 .

597 4718 714 4802 (rata
735 4723 780 4784 aa
799 4726 835 4785 Α.
855 4720 923 4804 11.)

493 4816 594 4887 baar
613 4839 701 4887 meas
723 4821 1006 4902 liberassem
1028 4820 1211 4904 Bronysias,
1230 4837 1334 4886 eomes
1352 4818 1502 4901 Wissola,
1530 4839 1634 4888 eomes
1662 4821 1823 4906 Ianasius,
1851 4840 1956 4890 eomes
1983 4822 2046 4890 Mi·

493 4937 562 5002 ron,
584 4940 688 4989 eomes
710 4922 873 5003 Iarostius¹
897 4941 1000 4990 comes
1023 4923 1235 5004 wissemirus,
1258 4941 1361 4990 eomes
1388 4921 1507 5006 larota,
1530 4942 1633 4991 eomes
1661 4922 1778 4991 Santor
1807 4929 1842 4991 et
1869 4924 1925 4992 alii
1950 4942 2046 5008 quam

493 5020 601 5103 plures
616 5028 714 5090 astes
735 5024 848 5090 idonei.
886 5023 1003 5090 Datum
1025 5044 1108 5092 anno
1129 5024 1284 5091 ‹lominiee
1302 5022 1534 5092 lnearnaeionis
1554 5024 1761 5106 MBOXLJ,
1784 5025 1958 5094 Indictione
1971 5025 2042 5095 XV.

598 5193 786 5279 Pmadysas,
806 5182 966 5276 Paradyt‚·
988 5193 1198 5280 Lubinytzko',
1213 5193 1341 5276 poitur]
1368 5198 1443 5260 Vella
1467 5199 1606 5279 Martini,
1629 5196 1697 5261 dxii
1716 5200 1882 5275 Merzdorfi

1852 5314 1889 5372 fl
