<?xml version="1.0" encoding="UTF-8"?>
<!DOCTYPE html PUBLIC "-//W3C//DTD XHTML 1.0 Transitional//EN"
    "http://www.w3.org/TR/xhtml1/DTD/xhtml1-transitional.dtd">
<html xmlns="http://www.w3.org/1999/xhtml" xml:lang="en" lang="en">
 <head>
  <title>
</title>
<meta http-equiv="Content-Type" content="text/html;charset=utf-8" />
  <meta name='ocr-system' content='tesseract 3.04.00' />
  <meta name='ocr-capabilities' content='ocr_page ocr_carea ocr_par ocr_line ocrx_word'/>
</head>
<body>
  <div class='ocr_page' id='page_1' title='image "./codexdiplomatic00zakrgoog_0369.png"; bbox 0 0 4574 6240; ppageno 0'>
   <div class='ocr_carea' id='block_1_1' title="bbox 1965 179 2037 256">
    <p class='ocr_par' dir='ltr' id='par_1_1' title="bbox 1965 179 2037 256">
     <span class='ocr_line' id='line_1_1' title="bbox 1965 179 2037 256; baseline 0 0"><span class='ocrx_word' id='word_1_1' title='bbox 1965 179 2037 256; x_wconf 76' lang='grc'><strong>123</strong></span> 
     </span>
    </p>
   </div>
   <div class='ocr_carea' id='block_1_2' title="bbox 485 357 2110 668">
    <p class='ocr_par' dir='ltr' id='par_1_2' title="bbox 485 357 2110 668">
     <span class='ocr_line' id='line_1_2' title="bbox 486 357 2110 481; baseline 0.002 -37"><span class='ocrx_word' id='word_1_2' title='bbox 486 379 595 446; x_wconf 71' lang='lat' dir='ltr'><strong>saeuiant</strong></span> <span class='ocrx_word' id='word_1_3' title='bbox 615 377 753 461; x_wconf 74' lang='lat' dir='ltr'><strong>terqcepo</strong></span> <span class='ocrx_word' id='word_1_4' title='bbox 775 377 901 457; x_wconf 66' lang='lat' dir='ltr'><strong>nuptus</strong></span> <span class='ocrx_word' id='word_1_5' title='bbox 920 398 950 458; x_wconf 87' lang='lat' dir='ltr'><strong>p.</strong></span> <span class='ocrx_word' id='word_1_6' title='bbox 972 399 1009 442; x_wconf 85' lang='lat' dir='ltr'><strong>m.</strong></span> <span class='ocrx_word' id='word_1_7' title='bbox 1034 382 1119 460; x_wconf 77' lang='lat' dir='ltr'><strong>lu&#39;olo,</strong></span> <span class='ocrx_word' id='word_1_8' title='bbox 1149 378 1273 458; x_wconf 74' lang='lat' dir='ltr'><strong>lidrepo</strong></span> <span class='ocrx_word' id='word_1_9' title='bbox 1294 389 1410 461; x_wconf 75' lang='lat' dir='ltr'><strong>prumia</strong></span> <span class='ocrx_word' id='word_1_10' title='bbox 1424 384 1495 481; x_wconf 77' lang='lat' dir='ltr'><strong>bplp</strong></span> <span class='ocrx_word' id='word_1_11' title='bbox 1515 402 1541 446; x_wconf 88' lang='lat' dir='ltr'><strong>r.</strong></span> <span class='ocrx_word' id='word_1_12' title='bbox 1564 383 1661 463; x_wconf 77' lang='lat'><em>1520,</em></span> <span class='ocrx_word' id='word_1_13' title='bbox 1685 386 1748 462; x_wconf 73' lang='lat' dir='ltr'><strong>p&#39;olt</strong></span> <span class='ocrx_word' id='word_1_14' title='bbox 1768 387 1815 467; x_wconf 77' lang='lat' dir='ltr'><strong>sip</strong></span> <span class='ocrx_word' id='word_1_15' title='bbox 1836 389 1866 447; x_wconf 84' lang='lat' dir='ltr'><strong>to</strong></span> <span class='ocrx_word' id='word_1_16' title='bbox 1882 385 2039 463; x_wconf 66' lang='lat' dir='ltr'><strong>potentie</strong></span> <span class='ocrx_word' id='word_1_17' title='bbox 2108 357 2110 360; x_wconf 9' lang='grc' dir='ltr'><em>Α</em></span> 
     </span>
     <span class='ocr_line' id='line_1_3' title="bbox 485 480 2040 668; baseline 0.001 -121"><span class='ocrx_word' id='word_1_18' title='bbox 485 480 853 668; x_wconf 47' lang='grc' dir='ltr'><strong>ἷώϋῠὶνὶεἱὶἴιῃΐεὲοἰνοῖιη</strong></span> <span class='ocrx_word' id='word_1_19' title='bbox 863 482 1011 561; x_wconf 68' lang='grc' dir='ltr'><strong>ἱω1·1ερο</strong></span> <span class='ocrx_word' id='word_1_20' title='bbox 1042 484 1188 562; x_wconf 65' lang='lat' dir='ltr'><strong>meunt.</strong></span> <span class='ocrx_word' id='word_1_21' title='bbox 1218 485 1341 549; x_wconf 79' lang='lat' dir='ltr'><strong>Guier&#39;rr.</strong></span> <span class='ocrx_word' id='word_1_22' title='bbox 1369 487 1528 565; x_wconf 78' lang='lat' dir='ltr'><strong>prszcple</strong></span> <span class='ocrx_word' id='word_1_23' title='bbox 1547 490 1602 548; x_wconf 76' lang='lat' dir='ltr'><strong>usi</strong></span> <span class='ocrx_word' id='word_1_24' title='bbox 1628 484 1762 549; x_wconf 71' lang='lat' dir='ltr'><strong>Gordiu.</strong></span> <span class='ocrx_word' id='word_1_25' title='bbox 1788 483 1937 567; x_wconf 79' lang='lat' dir='ltr'><strong>Saulhuu,</strong></span> <span class='ocrx_word' id='word_1_26' title='bbox 1961 487 2040 550; x_wconf 83' lang='lat' dir='ltr'><strong>Sou-</strong></span> 
     </span>
    </p>
   </div>
   <div class='ocr_carea' id='block_1_3' title="bbox 590 775 2040 1080">
    <p class='ocr_par' dir='ltr' id='par_1_3' title="bbox 590 775 2040 1080">
     <span class='ocr_line' id='line_1_4' title="bbox 1156 775 1363 866; baseline 0.014 -3"><span class='ocrx_word' id='word_1_27' title='bbox 1156 778 1229 864; x_wconf 87' lang='lat' dir='ltr'><strong>Nr.</strong></span> <span class='ocrx_word' id='word_1_28' title='bbox 1265 775 1363 866; x_wconf 82' lang='lat'><strong>139.</strong></span> 
     </span>
     <span class='ocr_line' id='line_1_5' title="bbox 590 937 2040 1080; baseline 0.001 -22"><span class='ocrx_word' id='word_1_29' title='bbox 590 975 676 1059; x_wconf 81' lang='lat' dir='ltr'><strong>bun</strong></span> <span class='ocrx_word' id='word_1_30' title='bbox 701 972 936 1058; x_wconf 74' lang='lat' dir='ltr'><strong>wladislaus</strong></span> <span class='ocrx_word' id='word_1_31' title='bbox 964 976 1002 1056; x_wconf 87' lang='lat' dir='ltr'><strong>et</strong></span> <span class='ocrx_word' id='word_1_32' title='bbox 1026 973 1103 1056; x_wconf 87' lang='lat' dir='ltr'><strong>filii</strong></span> <span class='ocrx_word' id='word_1_33' title='bbox 1125 975 1205 1057; x_wconf 87' lang='lat' dir='ltr'><strong>eiua</strong></span> <span class='ocrx_word' id='word_1_34' title='bbox 1232 937 1390 1057; x_wconf 76' lang='lat' dir='ltr'><strong>Promisi</strong></span> <span class='ocrx_word' id='word_1_35' title='bbox 1408 977 1445 1059; x_wconf 84' lang='lat' dir='ltr'><strong>ut</strong></span> <span class='ocrx_word' id='word_1_36' title='bbox 1464 974 1659 1060; x_wconf 80' lang='lat' dir='ltr'><strong>boleslaus</strong></span> <span class='ocrx_word' id='word_1_37' title='bbox 1686 979 1820 1058; x_wconf 72' lang='lat'>1232</span> <span class='ocrx_word' id='word_1_38' title='bbox 1845 975 1946 1080; x_wconf 79' lang='lat' dir='ltr'><strong>lug.</strong></span> <span class='ocrx_word' id='word_1_39' title='bbox 1964 980 2040 1075; x_wconf 92' lang='lat'><strong>10,</strong></span> 
     </span>
    </p>
   </div>
   <div class='ocr_carea' id='block_1_4' title="bbox 484 1099 2040 1400">
    <p class='ocr_par' dir='ltr' id='par_1_4' title="bbox 484 1099 2040 1400">
     <span class='ocr_line' id='line_1_6' title="bbox 485 1099 2040 1201; baseline -0.002 -17"><span class='ocrx_word' id='word_1_40' title='bbox 485 1099 575 1201; x_wconf 63' lang='lat'><strong>&amp;103</strong></span> <span class='ocrx_word' id='word_1_41' title='bbox 600 1112 766 1182; x_wconf 73' lang='lat' dir='ltr'><strong>conferunt</strong></span> <span class='ocrx_word' id='word_1_42' title='bbox 786 1111 870 1179; x_wconf 80' lang='lat' dir='ltr'><strong>uillis</strong></span> <span class='ocrx_word' id='word_1_43' title='bbox 900 1111 1070 1198; x_wconf 75' lang='lat' dir='ltr'><strong>Ziomieciu</strong></span> <span class='ocrx_word' id='word_1_44' title='bbox 1100 1119 1133 1179; x_wconf 90' lang='lat' dir='ltr'><strong>et</strong></span> <span class='ocrx_word' id='word_1_45' title='bbox 1160 1110 1382 1196; x_wconf 80' lang='lat' dir='ltr'><strong>Upuszcz&#39;cuo,</strong></span> <span class='ocrx_word' id='word_1_46' title='bbox 1412 1130 1493 1196; x_wconf 83' lang='lat' dir='ltr'><strong>quus</strong></span> <span class='ocrx_word' id='word_1_47' title='bbox 1517 1114 1667 1182; x_wconf 84' lang='lat' dir='ltr'><strong>coenobio</strong></span> <span class='ocrx_word' id='word_1_48' title='bbox 1693 1133 1719 1182; x_wconf 92' lang='lat' dir='ltr'><strong>s.</strong></span> <span class='ocrx_word' id='word_1_49' title='bbox 1747 1112 1913 1182; x_wconf 85' lang='lat' dir='ltr'><strong>Laurentii</strong></span> <span class='ocrx_word' id='word_1_50' title='bbox 1941 1132 2040 1200; x_wconf 89' lang='lat' dir='ltr'><strong>prope</strong></span> 
     </span>
     <span class='ocr_line' id='line_1_7' title="bbox 484 1214 1505 1317; baseline -0.003 -31"><span class='ocrx_word' id='word_1_51' title='bbox 484 1219 593 1293; x_wconf 81' lang='lat' dir='ltr'><strong>Kallas</strong></span> <span class='ocrx_word' id='word_1_52' title='bbox 615 1234 673 1302; x_wconf 87' lang='lat' dir='ltr'><strong>pro</strong></span> <span class='ocrx_word' id='word_1_53' title='bbox 687 1215 770 1317; x_wconf 72' lang='lat' dir='ltr'><strong>⁸uilla</strong></span> <span class='ocrx_word' id='word_1_54' title='bbox 791 1215 894 1283; x_wconf 84' lang='lat' dir='ltr'><strong>bisico</strong></span> <span class='ocrx_word' id='word_1_55' title='bbox 915 1214 1079 1296; x_wconf 87' lang='lat' dir='ltr'><strong>dederunt,</strong></span> <span class='ocrx_word' id='word_1_56' title='bbox 1102 1215 1268 1283; x_wconf 81' lang='lat' dir='ltr'><strong>libertatus</strong></span> <span class='ocrx_word' id='word_1_57' title='bbox 1290 1215 1385 1283; x_wconf 88' lang='lat' dir='ltr'><strong>villae</strong></span> <span class='ocrx_word' id='word_1_58' title='bbox 1406 1215 1505 1284; x_wconf 79' lang='lat' dir='ltr'><strong>Gora.</strong></span> 
     </span>
     <span class='ocr_line' id='line_1_8' title="bbox 593 1319 1810 1400; baseline -0.002 -15"><span class='ocrx_word' id='word_1_59' title='bbox 593 1322 734 1385; x_wconf 61' lang='lat' dir='ltr'><strong>mmo.</strong></span> <span class='ocrx_word' id='word_1_60' title='bbox 778 1321 895 1383; x_wconf 70' lang='lat' dir='ltr'><strong>actu.</strong></span> <span class='ocrx_word' id='word_1_61' title='bbox 922 1320 1054 1399; x_wconf 73' lang='lat' dir='ltr'><strong>Capituli</strong></span> <span class='ocrx_word' id='word_1_62' title='bbox 1076 1321 1236 1400; x_wconf 75' lang='lat' dir='ltr'><strong>Metropol.</strong></span> <span class='ocrx_word' id='word_1_63' title='bbox 1283 1319 1346 1385; x_wconf 76' lang='lat' dir='ltr'><strong>aa.</strong></span> <span class='ocrx_word' id='word_1_64' title='bbox 1365 1323 1467 1399; x_wconf 82' lang='lat' dir='ltr'><strong>privii.</strong></span> <span class='ocrx_word' id='word_1_65' title='bbox 1488 1321 1557 1384; x_wconf 77' lang='lat' dir='ltr'><strong>XV</strong></span> <span class='ocrx_word' id='word_1_66' title='bbox 1570 1339 1629 1384; x_wconf 79' lang='lat' dir='ltr'><strong>sec.</strong></span> <span class='ocrx_word' id='word_1_67' title='bbox 1648 1323 1702 1399; x_wconf 80' lang='lat' dir='ltr'><strong>sel.</strong></span> <span class='ocrx_word' id='word_1_68' title='bbox 1724 1320 1769 1383; x_wconf 85' lang='lat'><strong>97</strong></span> <span class='ocrx_word' id='word_1_69' title='bbox 1786 1339 1810 1384; x_wconf 85' lang='lat' dir='ltr'><strong>u.</strong></span> 
     </span>
    </p>
   </div>
   <div class='ocr_carea' id='block_1_5' title="bbox 485 1519 2041 1720">
    <p class='ocr_par' dir='ltr' id='par_1_5' title="bbox 485 1519 2041 1720">
     <span class='ocr_line' id='line_1_9' title="bbox 589 1519 2041 1608; baseline -0.004 -14"><span class='ocrx_word' id='word_1_70' title='bbox 589 1520 753 1595; x_wconf 77' lang='lat' dir='ltr'><strong>Universis</strong></span> <span class='ocrx_word' id='word_1_71' title='bbox 774 1519 894 1590; x_wconf 77' lang='lat' dir='ltr'><strong>cunuti</strong></span> <span class='ocrx_word' id='word_1_72' title='bbox 915 1519 1059 1590; x_wconf 86' lang='lat' dir='ltr'><strong>fidelibus</strong></span> <span class='ocrx_word' id='word_1_73' title='bbox 1078 1521 1120 1590; x_wconf 83' lang='lat' dir='ltr'><strong>ad</strong></span> <span class='ocrx_word' id='word_1_74' title='bbox 1141 1541 1220 1607; x_wconf 88' lang='lat' dir='ltr'><strong>quos</strong></span> <span class='ocrx_word' id='word_1_75' title='bbox 1241 1540 1370 1608; x_wconf 83' lang='lat' dir='ltr'><strong>presens</strong></span> <span class='ocrx_word' id='word_1_76' title='bbox 1393 1523 1546 1606; x_wconf 89' lang='lat' dir='ltr'><strong>scriptum</strong></span> <span class='ocrx_word' id='word_1_77' title='bbox 1559 1523 1748 1607; x_wconf 80' lang='lat' dir='ltr'><strong>pervenerit,</strong></span> <span class='ocrx_word' id='word_1_78' title='bbox 1771 1523 1908 1591; x_wconf 86' lang='lat' dir='ltr'><strong>salutem</strong></span> <span class='ocrx_word' id='word_1_79' title='bbox 1920 1522 1955 1589; x_wconf 90' lang='lat' dir='ltr'><strong>in</strong></span> <span class='ocrx_word' id='word_1_80' title='bbox 1970 1542 2041 1608; x_wconf 89' lang='lat' dir='ltr'><strong>per·</strong></span> 
     </span>
     <span class='ocr_line' id='line_1_10' title="bbox 485 1623 2040 1720; baseline -0.004 -21"><span class='ocrx_word' id='word_1_81' title='bbox 485 1635 627 1720; x_wconf 85' lang='lat' dir='ltr'><strong>potuum.</strong></span> <span class='ocrx_word' id='word_1_82' title='bbox 669 1625 808 1709; x_wconf 80' lang='lat' dir='ltr'><strong>Dignum</strong></span> <span class='ocrx_word' id='word_1_83' title='bbox 828 1623 981 1692; x_wconf 88' lang='lat' dir='ltr'><strong>memoria</strong></span> <span class='ocrx_word' id='word_1_84' title='bbox 1002 1625 1120 1709; x_wconf 86' lang='lat' dir='ltr'><strong>scripto</strong></span> <span class='ocrx_word' id='word_1_85' title='bbox 1141 1625 1389 1708; x_wconf 87' lang='lat' dir='ltr'><strong>commendatur,</strong></span> <span class='ocrx_word' id='word_1_86' title='bbox 1418 1632 1457 1692; x_wconf 91' lang='lat' dir='ltr'><strong>ut</strong></span> <span class='ocrx_word' id='word_1_87' title='bbox 1481 1624 1628 1692; x_wconf 86' lang='lat' dir='ltr'><strong>stabilius</strong></span> <span class='ocrx_word' id='word_1_88' title='bbox 1654 1623 1813 1693; x_wconf 81' lang='lat' dir='ltr'><strong>efficiatur</strong></span> <span class='ocrx_word' id='word_1_89' title='bbox 1835 1626 1920 1711; x_wconf 88' lang='lat' dir='ltr'><strong>quod</strong></span> <span class='ocrx_word' id='word_1_90' title='bbox 1944 1625 2040 1709; x_wconf 79' lang='lat' dir='ltr'><strong>sigilli</strong></span> 
     </span>
    </p>
   </div>
   <div class='ocr_carea' id='block_1_6' title="bbox 485 1721 2183 1913">
    <p class='ocr_par' dir='ltr' id='par_1_6' title="bbox 485 1721 2183 1913">
     <span class='ocr_line' id='line_1_11' title="bbox 485 1721 2139 1813; baseline -0.004 -11"><span class='ocrx_word' id='word_1_91' title='bbox 485 1728 667 1803; x_wconf 87' lang='lat' dir='ltr'><strong>testimonio</strong></span> <span class='ocrx_word' id='word_1_92' title='bbox 688 1727 864 1796; x_wconf 90' lang='lat' dir='ltr'><strong>roboratur.</strong></span> <span class='ocrx_word' id='word_1_93' title='bbox 908 1725 1126 1810; x_wconf 79' lang='lat' dir='ltr'><strong>significemus</strong></span> <span class='ocrx_word' id='word_1_94' title='bbox 1148 1727 1293 1794; x_wconf 91' lang='lat' dir='ltr'><strong>omnibus</strong></span> <span class='ocrx_word' id='word_1_95' title='bbox 1315 1734 1382 1795; x_wconf 88' lang='lat' dir='ltr'><strong>tum</strong></span> <span class='ocrx_word' id='word_1_96' title='bbox 1400 1721 1516 1795; x_wconf 85' lang='lat' dir='ltr'><strong>futuris</strong></span> <span class='ocrx_word' id='word_1_97' title='bbox 1538 1745 1633 1812; x_wconf 89' lang='lat' dir='ltr'><strong>quam</strong></span> <span class='ocrx_word' id='word_1_98' title='bbox 1646 1727 1847 1813; x_wconf 74' lang='lat' dir='ltr'><strong>presentibus</strong></span> <span class='ocrx_word' id='word_1_99' title='bbox 1862 1725 1956 1794; x_wconf 93' lang='lat' dir='ltr'><strong>buius</strong></span> <span class='ocrx_word' id='word_1_100' title='bbox 1971 1746 2040 1795; x_wconf 89' lang='lat' dir='ltr'><strong>ear·</strong></span> <span class='ocrx_word' id='word_1_101' title='bbox 2137 1743 2139 1746; x_wconf 52' lang='lat'><strong>⁴</strong></span> 
     </span>
     <span class='ocr_line' id='line_1_12' title="bbox 485 1827 2183 1913; baseline -0.004 -10"><span class='ocrx_word' id='word_1_102' title='bbox 485 1831 554 1903; x_wconf 84' lang='lat' dir='ltr'><strong>tole</strong></span> <span class='ocrx_word' id='word_1_103' title='bbox 574 1829 802 1900; x_wconf 86' lang='lat' dir='ltr'><strong>continenciam</strong></span> <span class='ocrx_word' id='word_1_104' title='bbox 822 1827 1022 1912; x_wconf 84' lang='lat' dir='ltr'><strong>inspecturis,</strong></span> <span class='ocrx_word' id='word_1_105' title='bbox 1044 1829 1129 1912; x_wconf 88' lang='lat' dir='ltr'><strong>quod</strong></span> <span class='ocrx_word' id='word_1_106' title='bbox 1151 1847 1209 1913; x_wconf 78' lang='lat' dir='ltr'><strong>ego</strong></span> <span class='ocrx_word' id='word_1_107' title='bbox 1230 1830 1297 1896; x_wconf 89' lang='lat' dir='ltr'><strong>dux</strong></span> <span class='ocrx_word' id='word_1_108' title='bbox 1318 1828 1512 1897; x_wconf 74' lang='lat' dir='ltr'><strong>wladislaus</strong></span> <span class='ocrx_word' id='word_1_109' title='bbox 1539 1836 1573 1897; x_wconf 90' lang='lat' dir='ltr'><strong>et</strong></span> <span class='ocrx_word' id='word_1_110' title='bbox 1591 1829 1650 1896; x_wconf 86' lang='lat' dir='ltr'><strong>filii</strong></span> <span class='ocrx_word' id='word_1_111' title='bbox 1679 1830 1743 1897; x_wconf 92' lang='lat' dir='ltr'><strong>mei</strong></span> <span class='ocrx_word' id='word_1_112' title='bbox 1768 1828 1903 1896; x_wconf 70' lang='lat' dir='ltr'><strong>hemisl</strong></span> <span class='ocrx_word' id='word_1_113' title='bbox 1924 1836 1960 1897; x_wconf 89' lang='lat' dir='ltr'><strong>et</strong></span> <span class='ocrx_word' id='word_1_114' title='bbox 1979 1830 2041 1897; x_wconf 92' lang='lat' dir='ltr'><strong>Bo·</strong></span> <span class='ocrx_word' id='word_1_115' title='bbox 2179 1856 2183 1862; x_wconf 96' lang='lat'><em>·</em></span> 
     </span>
    </p>
   </div>
   <div class='ocr_carea' id='block_1_7' title="bbox 484 1930 2044 2838">
    <p class='ocr_par' dir='ltr' id='par_1_7' title="bbox 484 1930 2044 2838">
     <span class='ocr_line' id='line_1_13' title="bbox 486 1930 2041 2017; baseline -0.005 -11"><span class='ocrx_word' id='word_1_116' title='bbox 486 1934 603 2006; x_wconf 74' lang='lat' dir='ltr'><strong>lubus</strong></span> <span class='ocrx_word' id='word_1_117' title='bbox 623 1930 772 2000; x_wconf 81' lang='lat' dir='ltr'><strong>uniformi</strong></span> <span class='ocrx_word' id='word_1_118' title='bbox 791 1947 954 2013; x_wconf 85' lang='lat' dir='ltr'><strong>consensu,</strong></span> <span class='ocrx_word' id='word_1_119' title='bbox 976 1931 1008 1997; x_wconf 93' lang='lat' dir='ltr'><strong>in</strong></span> <span class='ocrx_word' id='word_1_120' title='bbox 1030 1931 1247 2001; x_wconf 88' lang='lat' dir='ltr'><strong>remissionem</strong></span> <span class='ocrx_word' id='word_1_121' title='bbox 1268 1935 1470 2015; x_wconf 86' lang='lat' dir='ltr'><strong>peccatorum</strong></span> <span class='ocrx_word' id='word_1_122' title='bbox 1491 1936 1682 2013; x_wconf 85' lang='lat' dir='ltr'><strong>nostrorum,</strong></span> <span class='ocrx_word' id='word_1_123' title='bbox 1712 1930 1754 1999; x_wconf 78' lang='lat' dir='ltr'><strong>aci</strong></span> <span class='ocrx_word' id='word_1_124' title='bbox 1775 1932 1963 2017; x_wconf 84' lang='lat' dir='ltr'><strong>peticionem</strong></span> <span class='ocrx_word' id='word_1_125' title='bbox 1984 1931 2041 1999; x_wconf 80' lang='lat' dir='ltr'><strong>(lo</strong></span> 
     </span>
     <span class='ocr_line' id='line_1_14' title="bbox 485 2028 2041 2121; baseline -0.003 -13"><span class='ocrx_word' id='word_1_126' title='bbox 485 2037 564 2108; x_wconf 88' lang='lat' dir='ltr'><strong>mini</strong></span> <span class='ocrx_word' id='word_1_127' title='bbox 582 2035 734 2121; x_wconf 79' lang='lat' dir='ltr'><strong>prepositi</strong></span> <span class='ocrx_word' id='word_1_128' title='bbox 756 2032 891 2101; x_wconf 75' lang='lat' dir='ltr'><strong>suanus</strong></span> <span class='ocrx_word' id='word_1_129' title='bbox 908 2032 1012 2099; x_wconf 88' lang='lat' dir='ltr'><strong>sancti</strong></span> <span class='ocrx_word' id='word_1_130' title='bbox 1032 2030 1211 2116; x_wconf 78' lang='lat' dir='ltr'><strong>Lameacii,</strong></span> <span class='ocrx_word' id='word_1_131' title='bbox 1230 2032 1341 2100; x_wconf 89' lang='lat' dir='ltr'><strong>habito</strong></span> <span class='ocrx_word' id='word_1_132' title='bbox 1356 2033 1457 2101; x_wconf 89' lang='lat' dir='ltr'><strong>eciam</strong></span> <span class='ocrx_word' id='word_1_133' title='bbox 1471 2028 1618 2119; x_wconf 81' lang='lat' dir='ltr'><strong>respectu</strong></span> <span class='ocrx_word' id='word_1_134' title='bbox 1635 2033 1678 2101; x_wconf 85' lang='lat' dir='ltr'><strong>ad</strong></span> <span class='ocrx_word' id='word_1_135' title='bbox 1690 2033 1892 2102; x_wconf 79' lang='lat' dir='ltr'><strong>devocionem</strong></span> <span class='ocrx_word' id='word_1_136' title='bbox 1905 2033 2041 2103; x_wconf 79' lang='lat' dir='ltr'><strong>fratrum</strong></span> 
     </span>
     <span class='ocr_line' id='line_1_15' title="bbox 485 2133 2041 2228; baseline -0.001 -19"><span class='ocrx_word' id='word_1_137' title='bbox 485 2138 609 2228; x_wconf 77' lang='lat' dir='ltr'><strong>prefate</strong></span> <span class='ocrx_word' id='word_1_138' title='bbox 630 2136 770 2218; x_wconf 66' lang='lat' dir='ltr'><strong>molesia,</strong></span> <span class='ocrx_word' id='word_1_139' title='bbox 790 2134 874 2202; x_wconf 81' lang='lat' dir='ltr'><strong>uillis</strong></span> <span class='ocrx_word' id='word_1_140' title='bbox 897 2133 1075 2203; x_wconf 87' lang='lat' dir='ltr'><strong>Zemiczino</strong></span> <span class='ocrx_word' id='word_1_141' title='bbox 1096 2144 1131 2204; x_wconf 91' lang='lat' dir='ltr'><strong>et</strong></span> <span class='ocrx_word' id='word_1_142' title='bbox 1152 2136 1369 2220; x_wconf 84' lang='lat' dir='ltr'><strong>liupusczeuo,</strong></span> <span class='ocrx_word' id='word_1_143' title='bbox 1391 2135 1476 2205; x_wconf 84' lang='lat' dir='ltr'><strong>facto</strong></span> <span class='ocrx_word' id='word_1_144' title='bbox 1497 2137 1678 2206; x_wconf 90' lang='lat' dir='ltr'><strong>concambio</strong></span> <span class='ocrx_word' id='word_1_145' title='bbox 1701 2156 1759 2223; x_wconf 94' lang='lat' dir='ltr'><strong>pro</strong></span> <span class='ocrx_word' id='word_1_146' title='bbox 1794 2136 1946 2222; x_wconf 77' lang='lat' dir='ltr'><strong>Lysscels,</strong></span> <span class='ocrx_word' id='word_1_147' title='bbox 1967 2156 2041 2207; x_wconf 88' lang='lat' dir='ltr'><strong>eoa·</strong></span> 
     </span>
     <span class='ocr_line' id='line_1_16' title="bbox 488 2236 2043 2326; baseline -0.001 -15"><span class='ocrx_word' id='word_1_148' title='bbox 488 2241 621 2312; x_wconf 83' lang='lat' dir='ltr'><strong>tulimus</strong></span> <span class='ocrx_word' id='word_1_149' title='bbox 641 2238 851 2308; x_wconf 89' lang='lat' dir='ltr'><strong>omnimodam</strong></span> <span class='ocrx_word' id='word_1_150' title='bbox 879 2237 1058 2306; x_wconf 84' lang='lat' dir='ltr'><strong>libertatem</strong></span> <span class='ocrx_word' id='word_1_151' title='bbox 1085 2238 1159 2307; x_wconf 89' lang='lat' dir='ltr'><strong>ville</strong></span> <span class='ocrx_word' id='word_1_152' title='bbox 1179 2239 1213 2306; x_wconf 90' lang='lat' dir='ltr'><strong>in</strong></span> <span class='ocrx_word' id='word_1_153' title='bbox 1234 2236 1458 2323; x_wconf 80' lang='lat' dir='ltr'><strong>Spicainugora</strong></span> <span class='ocrx_word' id='word_1_154' title='bbox 1477 2245 1512 2307; x_wconf 87' lang='lat' dir='ltr'><strong>et</strong></span> <span class='ocrx_word' id='word_1_155' title='bbox 1529 2239 1593 2308; x_wconf 90' lang='lat' dir='ltr'><strong>hiis</strong></span> <span class='ocrx_word' id='word_1_156' title='bbox 1617 2239 1739 2307; x_wconf 88' lang='lat' dir='ltr'><strong>duabus</strong></span> <span class='ocrx_word' id='word_1_157' title='bbox 1765 2239 1860 2322; x_wconf 84' lang='lat' dir='ltr'><strong>villis,</strong></span> <span class='ocrx_word' id='word_1_158' title='bbox 1881 2241 1931 2308; x_wconf 85' lang='lat' dir='ltr'><strong>lta</strong></span> <span class='ocrx_word' id='word_1_159' title='bbox 1958 2239 2043 2326; x_wconf 85' lang='lat' dir='ltr'><strong>quod</strong></span> 
     </span>
     <span class='ocr_line' id='line_1_17' title="bbox 486 2339 2043 2428; baseline -0.001 -15"><span class='ocrx_word' id='word_1_160' title='bbox 486 2342 566 2414; x_wconf 91' lang='lat' dir='ltr'><strong>nulli</strong></span> <span class='ocrx_word' id='word_1_161' title='bbox 587 2342 714 2412; x_wconf 91' lang='lat' dir='ltr'><strong>omniuo</strong></span> <span class='ocrx_word' id='word_1_162' title='bbox 735 2339 920 2410; x_wconf 88' lang='lat' dir='ltr'><strong>subiaceant</strong></span> <span class='ocrx_word' id='word_1_163' title='bbox 939 2342 1087 2410; x_wconf 86' lang='lat' dir='ltr'><strong>seruituti</strong></span> <span class='ocrx_word' id='word_1_164' title='bbox 1108 2342 1299 2411; x_wconf 89' lang='lat' dir='ltr'><strong>contulimus</strong></span> <span class='ocrx_word' id='word_1_165' title='bbox 1320 2341 1522 2412; x_wconf 73' lang='lat' dir='ltr'><strong>bmeditauie</strong></span> <span class='ocrx_word' id='word_1_166' title='bbox 1550 2342 1601 2412; x_wconf 83' lang='lat' dir='ltr'><strong>Ne</strong></span> <span class='ocrx_word' id='word_1_167' title='bbox 1621 2343 1720 2428; x_wconf 79' lang='lat' dir='ltr'><strong>igitur</strong></span> <span class='ocrx_word' id='word_1_168' title='bbox 1738 2343 1814 2411; x_wconf 88' lang='lat' dir='ltr'><strong>huic</strong></span> <span class='ocrx_word' id='word_1_169' title='bbox 1834 2342 1920 2412; x_wconf 70' lang='lat' dir='ltr'><strong>ueto</strong></span> <span class='ocrx_word' id='word_1_170' title='bbox 1934 2350 2043 2412; x_wconf 79' lang='lat' dir='ltr'><strong>nosao</strong></span> 
     </span>
     <span class='ocr_line' id='line_1_18' title="bbox 484 2442 2043 2533; baseline 0 -19"><span class='ocrx_word' id='word_1_171' title='bbox 484 2446 602 2533; x_wconf 78' lang='lat' dir='ltr'><strong>aliquus</strong></span> <span class='ocrx_word' id='word_1_172' title='bbox 620 2446 654 2513; x_wconf 94' lang='lat' dir='ltr'><strong>in</strong></span> <span class='ocrx_word' id='word_1_173' title='bbox 675 2451 837 2532; x_wconf 86' lang='lat' dir='ltr'><strong>posterum</strong></span> <span class='ocrx_word' id='word_1_174' title='bbox 854 2447 1017 2530; x_wconf 80' lang='lat' dir='ltr'><strong>presumat</strong></span> <span class='ocrx_word' id='word_1_175' title='bbox 1035 2445 1082 2512; x_wconf 91' lang='lat' dir='ltr'><strong>ire</strong></span> <span class='ocrx_word' id='word_1_176' title='bbox 1100 2442 1305 2527; x_wconf 79' lang='lat' dir='ltr'><strong>contrarium,</strong></span> <span class='ocrx_word' id='word_1_177' title='bbox 1327 2443 1410 2513; x_wconf 89' lang='lat' dir='ltr'><strong>banc</strong></span> <span class='ocrx_word' id='word_1_178' title='bbox 1429 2445 1586 2514; x_wconf 59' lang='lat' dir='ltr'><strong>mum</strong></span> <span class='ocrx_word' id='word_1_179' title='bbox 1603 2446 1700 2530; x_wconf 81' lang='lat' dir='ltr'><strong>sigilli</strong></span> <span class='ocrx_word' id='word_1_180' title='bbox 1720 2446 1785 2514; x_wconf 93' lang='lat' dir='ltr'><strong>mei</strong></span> <span class='ocrx_word' id='word_1_181' title='bbox 1799 2446 1974 2514; x_wconf 89' lang='lat' dir='ltr'><strong>munimine</strong></span> <span class='ocrx_word' id='word_1_182' title='bbox 1994 2447 2043 2514; x_wconf 91' lang='lat' dir='ltr'><strong>in·</strong></span> 
     </span>
     <span class='ocr_line' id='line_1_19' title="bbox 487 2544 2042 2642; baseline 0.001 -27"><span class='ocrx_word' id='word_1_183' title='bbox 487 2547 611 2635; x_wconf 73' lang='lat' dir='ltr'><strong>mgnivi.</strong></span> <span class='ocrx_word' id='word_1_184' title='bbox 654 2546 725 2616; x_wconf 83' lang='lat' dir='ltr'><strong>Hoc</strong></span> <span class='ocrx_word' id='word_1_185' title='bbox 741 2553 848 2615; x_wconf 82' lang='lat' dir='ltr'><strong>autem</strong></span> <span class='ocrx_word' id='word_1_186' title='bbox 868 2544 989 2615; x_wconf 83' lang='lat' dir='ltr'><strong>iactum</strong></span> <span class='ocrx_word' id='word_1_187' title='bbox 1011 2550 1061 2613; x_wconf 80' lang='lat' dir='ltr'><strong>est</strong></span> <span class='ocrx_word' id='word_1_188' title='bbox 1077 2546 1141 2642; x_wconf 75' lang='lat' dir='ltr'><strong>biis</strong></span> <span class='ocrx_word' id='word_1_189' title='bbox 1163 2545 1298 2616; x_wconf 82' lang='lat' dir='ltr'><strong>testibus</strong></span> <span class='ocrx_word' id='word_1_190' title='bbox 1319 2546 1535 2632; x_wconf 85' lang='lat' dir='ltr'><strong>presentibus:</strong></span> <span class='ocrx_word' id='word_1_191' title='bbox 1558 2547 1700 2617; x_wconf 75' lang='lat' dir='ltr'><strong>Iohanne</strong></span> <span class='ocrx_word' id='word_1_192' title='bbox 1719 2547 1836 2617; x_wconf 82' lang='lat' dir='ltr'><strong>abbate</strong></span> <span class='ocrx_word' id='word_1_193' title='bbox 1856 2548 1897 2616; x_wconf 88' lang='lat' dir='ltr'><strong>ds</strong></span> <span class='ocrx_word' id='word_1_194' title='bbox 1917 2547 2042 2633; x_wconf 81' lang='lat' dir='ltr'><strong>Lubyn,</strong></span> 
     </span>
     <span class='ocr_line' id='line_1_20' title="bbox 487 2647 2042 2738; baseline -0.001 -17"><span class='ocrx_word' id='word_1_195' title='bbox 487 2650 620 2721; x_wconf 81' lang='lat' dir='ltr'><strong>Oueslao</strong></span> <span class='ocrx_word' id='word_1_196' title='bbox 640 2651 810 2738; x_wconf 88' lang='lat' dir='ltr'><strong>preposito,</strong></span> <span class='ocrx_word' id='word_1_197' title='bbox 830 2648 934 2717; x_wconf 82' lang='lat' dir='ltr'><strong>iudice</strong></span> <span class='ocrx_word' id='word_1_198' title='bbox 954 2648 1166 2734; x_wconf 77' lang='lat' dir='ltr'><strong>Dirsicrugi03</strong></span> <span class='ocrx_word' id='word_1_199' title='bbox 1196 2647 1389 2734; x_wconf 83' lang='lat' dir='ltr'><strong>Gobtpoldo,</strong></span> <span class='ocrx_word' id='word_1_200' title='bbox 1412 2649 1550 2734; x_wconf 87' lang='lat' dir='ltr'><strong>Simone,</strong></span> <span class='ocrx_word' id='word_1_201' title='bbox 1570 2651 1799 2728; x_wconf 81' lang='lat' dir='ltr'><strong>Harceubolulo,</strong></span> <span class='ocrx_word' id='word_1_202' title='bbox 1821 2651 1959 2734; x_wconf 80' lang='lat' dir='ltr'><strong>Mathia,</strong></span> <span class='ocrx_word' id='word_1_203' title='bbox 1981 2650 2042 2720; x_wconf 90' lang='lat' dir='ltr'><strong>Pe·</strong></span> 
     </span>
     <span class='ocr_line' id='line_1_21' title="bbox 487 2750 2044 2838; baseline -0.001 -16"><span class='ocrx_word' id='word_1_204' title='bbox 487 2759 549 2837; x_wconf 88' lang='lat' dir='ltr'><strong>tro,</strong></span> <span class='ocrx_word' id='word_1_205' title='bbox 571 2752 755 2836; x_wconf 79' lang='lat' dir='ltr'><strong>Albrachto,</strong></span> <span class='ocrx_word' id='word_1_206' title='bbox 775 2751 928 2838; x_wconf 77' lang='lat' dir='ltr'><strong>magistro</strong></span> <span class='ocrx_word' id='word_1_207' title='bbox 948 2750 1134 2835; x_wconf 83' lang='lat' dir='ltr'><strong>venceslao,</strong></span> <span class='ocrx_word' id='word_1_208' title='bbox 1157 2750 1308 2819; x_wconf 83' lang='lat' dir='ltr'><strong>Bozetba</strong></span> <span class='ocrx_word' id='word_1_209' title='bbox 1339 2752 1409 2822; x_wconf 82' lang='lat' dir='ltr'><strong>lieo</strong></span> <span class='ocrx_word' id='word_1_210' title='bbox 1422 2761 1497 2824; x_wconf 83' lang='lat' dir='ltr'><strong>acta</strong></span> <span class='ocrx_word' id='word_1_211' title='bbox 1509 2759 1587 2821; x_wconf 89' lang='lat' dir='ltr'><strong>sunt</strong></span> <span class='ocrx_word' id='word_1_212' title='bbox 1598 2754 1633 2821; x_wconf 92' lang='lat' dir='ltr'><strong>in</strong></span> <span class='ocrx_word' id='word_1_213' title='bbox 1646 2754 1700 2822; x_wconf 87' lang='lat' dir='ltr'><strong>die</strong></span> <span class='ocrx_word' id='word_1_214' title='bbox 1713 2753 1801 2822; x_wconf 89' lang='lat' dir='ltr'><strong>beuti</strong></span> <span class='ocrx_word' id='word_1_215' title='bbox 1812 2753 1982 2823; x_wconf 83' lang='lat' dir='ltr'><strong>Iameucii</strong></span> <span class='ocrx_word' id='word_1_216' title='bbox 1995 2752 2044 2821; x_wconf 92' lang='lat'><strong>111</strong></span> 
     </span>
    </p>
   </div>
   <div class='ocr_carea' id='block_1_8' title="bbox 486 2853 2165 2942">
    <p class='ocr_par' dir='ltr' id='par_1_8' title="bbox 486 2853 2165 2942">
     <span class='ocr_line' id='line_1_22' title="bbox 486 2853 2165 2942; baseline -0.001 -17"><span class='ocrx_word' id='word_1_217' title='bbox 486 2856 559 2942; x_wconf 86' lang='lat' dir='ltr'><strong>(sic)</strong></span> <span class='ocrx_word' id='word_1_218' title='bbox 579 2855 657 2924; x_wconf 89' lang='lat' dir='ltr'><strong>Idus</strong></span> <span class='ocrx_word' id='word_1_219' title='bbox 678 2854 825 2940; x_wconf 78' lang='lat' dir='ltr'><strong>Augusti,</strong></span> <span class='ocrx_word' id='word_1_220' title='bbox 844 2873 928 2923; x_wconf 85' lang='lat' dir='ltr'><strong>enno</strong></span> <span class='ocrx_word' id='word_1_221' title='bbox 949 2854 1088 2923; x_wconf 84' lang='lat' dir='ltr'><strong>bisextili</strong></span> <span class='ocrx_word' id='word_1_222' title='bbox 1102 2853 1336 2922; x_wconf 74' lang='lat' dir='ltr'><strong>mamauonis</strong></span> <span class='ocrx_word' id='word_1_223' title='bbox 1356 2853 1513 2923; x_wconf 76' lang='lat' dir='ltr'><strong>dominloe</strong></span> <span class='ocrx_word' id='word_1_224' title='bbox 1531 2854 1700 2924; x_wconf 88' lang='lat' dir='ltr'><strong>millesimo</strong></span> <span class='ocrx_word' id='word_1_225' title='bbox 1713 2855 1930 2926; x_wconf 69' lang='lat' dir='ltr'><strong>dumtcmmo</strong></span> <span class='ocrx_word' id='word_1_226' title='bbox 1950 2856 2045 2924; x_wconf 83' lang='lat' dir='ltr'><strong>trice·</strong></span> <span class='ocrx_word' id='word_1_227' title='bbox 2162 2857 2165 2863; x_wconf 85' lang='grc'><strong>’</strong></span> 
     </span>
    </p>
   </div>
   <div class='ocr_carea' id='block_1_9' title="bbox 486 2957 1095 3056">
    <p class='ocr_par' dir='ltr' id='par_1_9' title="bbox 486 2957 1095 3056">
     <span class='ocr_line' id='line_1_23' title="bbox 486 2957 1095 3056; baseline 0 -28"><span class='ocrx_word' id='word_1_228' title='bbox 486 2959 568 3028; x_wconf 86' lang='lat' dir='ltr'><strong>simo</strong></span> <span class='ocrx_word' id='word_1_229' title='bbox 585 2958 734 3044; x_wconf 68' lang='lat' dir='ltr'><strong>munao,</strong></span> <span class='ocrx_word' id='word_1_230' title='bbox 755 2959 867 3045; x_wconf 84' lang='lat' dir='ltr'><strong>quinta</strong></span> <span class='ocrx_word' id='word_1_231' title='bbox 887 2957 1058 3028; x_wconf 78' lang='lat' dir='ltr'><strong>Indicisue</strong></span> <span class='ocrx_word' id='word_1_232' title='bbox 1088 3046 1095 3056; x_wconf 89' lang='lat'><em>.</em></span> 
     </span>
    </p>
   </div>
   <div class='ocr_carea' id='block_1_10' title="bbox 486 3141 2043 3334">
    <p class='ocr_par' dir='ltr' id='par_1_10' title="bbox 486 3141 2043 3334">
     <span class='ocr_line' id='line_1_24' title="bbox 590 3141 2043 3234; baseline -0.003 -17"><span class='ocrx_word' id='word_1_233' title='bbox 590 3145 734 3217; x_wconf 70' lang='lat' dir='ltr'><strong>Eouloeia</strong></span> <span class='ocrx_word' id='word_1_234' title='bbox 754 3164 780 3215; x_wconf 77' lang='lat' dir='ltr'><strong>a</strong></span> <span class='ocrx_word' id='word_1_235' title='bbox 802 3141 979 3230; x_wconf 71' lang='lat' dir='ltr'><strong>Lamouui,</strong></span> <span class='ocrx_word' id='word_1_236' title='bbox 1008 3166 1052 3215; x_wconf 79' lang='lat' dir='ltr'><strong>sc.</strong></span> <span class='ocrx_word' id='word_1_237' title='bbox 1071 3152 1104 3213; x_wconf 78' lang='lat' dir='ltr'><strong>in</strong></span> <span class='ocrx_word' id='word_1_238' title='bbox 1125 3150 1239 3213; x_wconf 65' lang='lat' dir='ltr'><strong>uuaz</strong></span> <span class='ocrx_word' id='word_1_239' title='bbox 1283 3144 1472 3227; x_wconf 84' lang='lat' dir='ltr'><strong>Zomlcaiuo,</strong></span> <span class='ocrx_word' id='word_1_240' title='bbox 1503 3148 1672 3234; x_wconf 59' lang='lat' dir='ltr'><strong>Zimpciu</strong></span> <span class='ocrx_word' id='word_1_241' title='bbox 1715 3143 1935 3231; x_wconf 83' lang='lat' dir='ltr'><strong>Hupuscrero,</strong></span> <span class='ocrx_word' id='word_1_242' title='bbox 1962 3148 2043 3227; x_wconf 81' lang='lat' dir='ltr'><strong>lipa-</strong></span> 
     </span>
     <span class='ocr_line' id='line_1_25' title="bbox 486 3246 1731 3334; baseline 0.001 -20"><span class='ocrx_word' id='word_1_243' title='bbox 486 3268 625 3317; x_wconf 78' lang='lat' dir='ltr'><strong>czczeuu</strong></span> <span class='ocrx_word' id='word_1_244' title='bbox 668 3246 818 3334; x_wconf 72' lang='lat' dir='ltr'><strong>Lysmek,</strong></span> <span class='ocrx_word' id='word_1_245' title='bbox 838 3270 914 3316; x_wconf 81' lang='lat' dir='ltr'><strong>zunu</strong></span> <span class='ocrx_word' id='word_1_246' title='bbox 936 3253 1042 3316; x_wconf 69' lang='lat' dir='ltr'><strong>ilaec.</strong></span> <span class='ocrx_word' id='word_1_247' title='bbox 1086 3247 1319 3333; x_wconf 72' lang='lat' dir='ltr'><strong>spicatmgoru,</strong></span> <span class='ocrx_word' id='word_1_248' title='bbox 1345 3252 1435 3314; x_wconf 77' lang='lat' dir='ltr'><strong>(lora</strong></span> <span class='ocrx_word' id='word_1_249' title='bbox 1479 3246 1604 3334; x_wconf 81' lang='lat' dir='ltr'><strong>babyn,</strong></span> <span class='ocrx_word' id='word_1_250' title='bbox 1625 3251 1731 3315; x_wconf 71' lang='lat' dir='ltr'><strong>Laba</strong></span> 
     </span>
    </p>
   </div>
   <div class='ocr_carea' id='block_1_11' title="bbox 1151 3542 1371 3632">
    <p class='ocr_par' dir='ltr' id='par_1_11' title="bbox 1151 3542 1371 3632">
     <span class='ocr_line' id='line_1_26' title="bbox 1151 3542 1371 3632; baseline 0.005 -1"><span class='ocrx_word' id='word_1_251' title='bbox 1151 3544 1227 3632; x_wconf 84' lang='lat' dir='ltr'><strong>Nr.</strong></span> <span class='ocrx_word' id='word_1_252' title='bbox 1271 3542 1371 3632; x_wconf 91' lang='grc'><strong>140.</strong></span> 
     </span>
    </p>
   </div>
   <div class='ocr_carea' id='block_1_12' title="bbox 489 3739 2040 3951">
    <p class='ocr_par' dir='ltr' id='par_1_12' title="bbox 489 3739 2040 3951">
     <span class='ocr_line' id='line_1_27' title="bbox 599 3739 2038 3859; baseline 0 -29"><span class='ocrx_word' id='word_1_253' title='bbox 599 3743 784 3830; x_wconf 55' lang='lat' dir='ltr'><strong>&amp;malus</strong></span> <span class='ocrx_word' id='word_1_254' title='bbox 802 3741 880 3825; x_wconf 85' lang='lat' dir='ltr'><strong>iux</strong></span> <span class='ocrx_word' id='word_1_255' title='bbox 906 3741 1069 3847; x_wconf 70' lang='lat' dir='ltr'><strong>lamvio</strong></span> <span class='ocrx_word' id='word_1_256' title='bbox 1096 3745 1230 3825; x_wconf 78' lang='lat'>1282</span> <span class='ocrx_word' id='word_1_257' title='bbox 1249 3764 1277 3824; x_wconf 83' lang='lat' dir='ltr'><strong>a</strong></span> <span class='ocrx_word' id='word_1_258' title='bbox 1299 3743 1334 3825; x_wconf 83' lang='lat' dir='ltr'><strong>u</strong></span> <span class='ocrx_word' id='word_1_259' title='bbox 1355 3743 1402 3859; x_wconf 87' lang='lat' dir='ltr'><strong>in</strong></span> <span class='ocrx_word' id='word_1_260' title='bbox 1423 3739 1514 3826; x_wconf 62' lang='lat' dir='ltr'><strong>&amp;ne</strong></span> <span class='ocrx_word' id='word_1_261' title='bbox 1531 3740 1774 3847; x_wconf 71' lang='lat' dir='ltr'><strong>wladislau,</strong></span> <span class='ocrx_word' id='word_1_262' title='bbox 1797 3760 2038 3830; x_wconf 57' lang='lat' dir='ltr'><strong>eonfflcvuus</strong></span> 
     </span>
     <span class='ocr_line' id='line_1_28' title="bbox 489 3860 2040 3951; baseline 0 -17"><span class='ocrx_word' id='word_1_263' title='bbox 489 3863 611 3934; x_wconf 80' lang='lat' dir='ltr'><strong>Domus</strong></span> <span class='ocrx_word' id='word_1_264' title='bbox 632 3862 719 3932; x_wconf 87' lang='lat' dir='ltr'><strong>beuti</strong></span> <span class='ocrx_word' id='word_1_265' title='bbox 740 3861 889 3930; x_wconf 85' lang='lat' dir='ltr'><strong>lobannis</strong></span> <span class='ocrx_word' id='word_1_266' title='bbox 910 3862 1077 3947; x_wconf 88' lang='lat' dir='ltr'><strong>Baptistae</strong></span> <span class='ocrx_word' id='word_1_267' title='bbox 1098 3862 1192 3929; x_wconf 85' lang='lat' dir='ltr'><strong>uicus</strong></span> <span class='ocrx_word' id='word_1_268' title='bbox 1218 3861 1348 3930; x_wconf 83' lang='lat' dir='ltr'><strong>Sublaca</strong></span> <span class='ocrx_word' id='word_1_269' title='bbox 1374 3867 1409 3930; x_wconf 89' lang='lat' dir='ltr'><strong>et</strong></span> <span class='ocrx_word' id='word_1_270' title='bbox 1432 3860 1625 3947; x_wconf 77' lang='lat' dir='ltr'><strong>Nicmojeuo</strong></span> <span class='ocrx_word' id='word_1_271' title='bbox 1654 3863 1831 3948; x_wconf 86' lang='lat' dir='ltr'><strong>libertates,</strong></span> <span class='ocrx_word' id='word_1_272' title='bbox 1858 3883 1939 3951; x_wconf 85' lang='lat' dir='ltr'><strong>quas</strong></span> <span class='ocrx_word' id='word_1_273' title='bbox 1961 3872 2040 3934; x_wconf 71' lang='lat' dir='ltr'><strong>teon</strong></span> 
     </span>
    </p>
   </div>
   <div class='ocr_carea' id='block_1_13' title="bbox 488 3964 1633 4148">
    <p class='ocr_par' dir='ltr' id='par_1_13' title="bbox 488 3964 1633 4148">
     <span class='ocr_line' id='line_1_29' title="bbox 488 3964 989 4054; baseline -0.004 -21"><span class='ocrx_word' id='word_1_274' title='bbox 488 3985 565 4053; x_wconf 85' lang='lat' dir='ltr'><strong>pore</strong></span> <span class='ocrx_word' id='word_1_275' title='bbox 584 3967 688 4054; x_wconf 80' lang='lat' dir='ltr'><strong>petris</strong></span> <span class='ocrx_word' id='word_1_276' title='bbox 708 3964 759 4033; x_wconf 91' lang='lat' dir='ltr'><strong>sui</strong></span> <span class='ocrx_word' id='word_1_277' title='bbox 776 3965 989 4050; x_wconf 86' lang='lat' dir='ltr'><strong>possederant.</strong></span> 
     </span>
     <span class='ocr_line' id='line_1_30' title="bbox 594 4068 1633 4148; baseline -0.005 -11"><span class='ocrx_word' id='word_1_278' title='bbox 594 4068 726 4137; x_wconf 70' lang='lat' dir='ltr'><strong>uomet</strong></span> <span class='ocrx_word' id='word_1_279' title='bbox 771 4070 887 4134; x_wconf 70' lang='lat' dir='ltr'><strong>acite</strong></span> <span class='ocrx_word' id='word_1_280' title='bbox 912 4070 1050 4148; x_wconf 79' lang='lat' dir='ltr'><strong>Capituli</strong></span> <span class='ocrx_word' id='word_1_281' title='bbox 1095 4069 1159 4134; x_wconf 77' lang='lat' dir='ltr'><strong>leb.</strong></span> <span class='ocrx_word' id='word_1_282' title='bbox 1175 4071 1278 4148; x_wconf 75' lang='lat' dir='ltr'><strong>privil</strong></span> <span class='ocrx_word' id='word_1_283' title='bbox 1299 4070 1337 4134; x_wconf 73' lang='lat' dir='ltr'><strong>E.</strong></span> <span class='ocrx_word' id='word_1_284' title='bbox 1355 4085 1436 4148; x_wconf 79' lang='lat' dir='ltr'><strong>pars</strong></span> <span class='ocrx_word' id='word_1_285' title='bbox 1457 4069 1487 4132; x_wconf 79' lang='lat'>2</span> <span class='ocrx_word' id='word_1_286' title='bbox 1509 4071 1565 4147; x_wconf 81' lang='lat' dir='ltr'><strong>soi.</strong></span> <span class='ocrx_word' id='word_1_287' title='bbox 1586 4069 1633 4133; x_wconf 80' lang='lat' dir='ltr'><strong>iu.</strong></span> 
     </span>
    </p>
   </div>
   <div class='ocr_carea' id='block_1_14' title="bbox 489 4270 2048 5264">
    <p class='ocr_par' dir='ltr' id='par_1_14' title="bbox 489 4270 2048 5172">
     <span class='ocr_line' id='line_1_31' title="bbox 593 4270 2046 4357; baseline -0.001 -16"><span class='ocrx_word' id='word_1_288' title='bbox 593 4271 645 4341; x_wconf 80' lang='lat' dir='ltr'><strong>ld</strong></span> <span class='ocrx_word' id='word_1_289' title='bbox 663 4273 824 4341; x_wconf 67' lang='lat' dir='ltr'><strong>anirum</strong></span> <span class='ocrx_word' id='word_1_290' title='bbox 846 4272 1068 4357; x_wconf 80' lang='lat' dir='ltr'><strong>temporalium</strong></span> <span class='ocrx_word' id='word_1_291' title='bbox 1088 4272 1289 4357; x_wconf 79' lang='lat' dir='ltr'><strong>negociorum</strong></span> <span class='ocrx_word' id='word_1_292' title='bbox 1312 4270 1455 4339; x_wconf 66' lang='lat' dir='ltr'><strong>minues</strong></span> <span class='ocrx_word' id='word_1_293' title='bbox 1477 4271 1557 4340; x_wconf 93' lang='lat' dir='ltr'><strong>utile</strong></span> <span class='ocrx_word' id='word_1_294' title='bbox 1577 4277 1627 4340; x_wconf 88' lang='lat' dir='ltr'><strong>est</strong></span> <span class='ocrx_word' id='word_1_295' title='bbox 1646 4277 1775 4340; x_wconf 79' lang='lat' dir='ltr'><strong>mutum</strong></span> <span class='ocrx_word' id='word_1_296' title='bbox 1797 4271 1922 4340; x_wconf 89' lang='lat' dir='ltr'><strong>cautele</strong></span> <span class='ocrx_word' id='word_1_297' title='bbox 1944 4272 2046 4357; x_wconf 86' lang='lat' dir='ltr'><strong>clipeo</strong></span> 
     </span>
     <span class='ocr_line' id='line_1_32' title="bbox 489 4373 2046 4460; baseline 0 -18"><span class='ocrx_word' id='word_1_298' title='bbox 489 4375 673 4460; x_wconf 79' lang='lat' dir='ltr'><strong>premuniti,</strong></span> <span class='ocrx_word' id='word_1_299' title='bbox 695 4374 948 4460; x_wconf 83' lang='lat' dir='ltr'><strong>quandoquidcm</strong></span> <span class='ocrx_word' id='word_1_300' title='bbox 970 4392 1021 4441; x_wconf 83' lang='lat' dir='ltr'><strong>res</strong></span> <span class='ocrx_word' id='word_1_301' title='bbox 1042 4392 1104 4458; x_wconf 91' lang='lat' dir='ltr'><strong>que</strong></span> <span class='ocrx_word' id='word_1_302' title='bbox 1126 4380 1266 4457; x_wconf 75' lang='lat' dir='ltr'><strong>aguntur</strong></span> <span class='ocrx_word' id='word_1_303' title='bbox 1283 4373 1316 4440; x_wconf 93' lang='lat' dir='ltr'><strong>in</strong></span> <span class='ocrx_word' id='word_1_304' title='bbox 1340 4379 1485 4457; x_wconf 46' lang='lat' dir='ltr'><strong>‚mpure</strong></span> <span class='ocrx_word' id='word_1_305' title='bbox 1512 4373 1656 4441; x_wconf 87' lang='lat' dir='ltr'><strong>dclluunt</strong></span> <span class='ocrx_word' id='word_1_306' title='bbox 1676 4381 1711 4442; x_wconf 93' lang='lat' dir='ltr'><strong>et</strong></span> <span class='ocrx_word' id='word_1_307' title='bbox 1731 4381 1933 4443; x_wconf 70' lang='lat' dir='ltr'><strong>evunoecunt.</strong></span> <span class='ocrx_word' id='word_1_308' title='bbox 1978 4376 2046 4460; x_wconf 80' lang='lat' dir='ltr'><strong>ago</strong></span> 
     </span>
     <span class='ocr_line' id='line_1_33' title="bbox 490 4474 2046 4562; baseline -0.001 -17"><span class='ocrx_word' id='word_1_309' title='bbox 490 4476 589 4561; x_wconf 57' lang='lat' dir='ltr'><strong>mitur</strong></span> <span class='ocrx_word' id='word_1_310' title='bbox 607 4475 643 4544; x_wconf 83' lang='lat'><strong>0.</strong></span> <span class='ocrx_word' id='word_1_311' title='bbox 664 4476 729 4543; x_wconf 83' lang='lat' dir='ltr'><strong>dux</strong></span> <span class='ocrx_word' id='word_1_312' title='bbox 751 4476 892 4561; x_wconf 72' lang='lat' dir='ltr'><strong>cupario</strong></span> <span class='ocrx_word' id='word_1_313' title='bbox 913 4482 1023 4543; x_wconf 90' lang='lat' dir='ltr'><strong>notum</strong></span> <span class='ocrx_word' id='word_1_314' title='bbox 1045 4475 1126 4544; x_wconf 87' lang='lat' dir='ltr'><strong>lucio</strong></span> <span class='ocrx_word' id='word_1_315' title='bbox 1141 4476 1340 4561; x_wconf 87' lang='lat' dir='ltr'><strong>presentibus</strong></span> <span class='ocrx_word' id='word_1_316' title='bbox 1352 4482 1386 4543; x_wconf 89' lang='lat' dir='ltr'><strong>ct</strong></span> <span class='ocrx_word' id='word_1_317' title='bbox 1399 4474 1516 4542; x_wconf 79' lang='lat' dir='ltr'><strong>futuris</strong></span> <span class='ocrx_word' id='word_1_318' title='bbox 1530 4482 1709 4561; x_wconf 83' lang='lat' dir='ltr'><strong>presentem</strong></span> <span class='ocrx_word' id='word_1_319' title='bbox 1723 4478 1872 4561; x_wconf 77' lang='lat' dir='ltr'><strong>paginam</strong></span> <span class='ocrx_word' id='word_1_320' title='bbox 1886 4477 2046 4562; x_wconf 87' lang='lat' dir='ltr'><strong>inspectu·</strong></span> 
     </span>
     <span class='ocr_line' id='line_1_34' title="bbox 490 4577 2046 4664; baseline 0 -18"><span class='ocrx_word' id='word_1_321' title='bbox 490 4579 544 4657; x_wconf 88' lang='lat' dir='ltr'><strong>ris,</strong></span> <span class='ocrx_word' id='word_1_322' title='bbox 565 4579 651 4664; x_wconf 83' lang='lat' dir='ltr'><strong>quod</strong></span> <span class='ocrx_word' id='word_1_323' title='bbox 671 4598 729 4663; x_wconf 89' lang='lat' dir='ltr'><strong>pro</strong></span> <span class='ocrx_word' id='word_1_324' title='bbox 744 4578 944 4647; x_wconf 81' lang='lat' dir='ltr'><strong>absolutione</strong></span> <span class='ocrx_word' id='word_1_325' title='bbox 956 4584 1136 4646; x_wconf 89' lang='lat' dir='ltr'><strong>nostrorum</strong></span> <span class='ocrx_word' id='word_1_326' title='bbox 1151 4579 1377 4663; x_wconf 77' lang='lat' dir='ltr'><strong>peccaminum,</strong></span> <span class='ocrx_word' id='word_1_327' title='bbox 1400 4577 1582 4646; x_wconf 84' lang='lat' dir='ltr'><strong>libertatem</strong></span> <span class='ocrx_word' id='word_1_328' title='bbox 1596 4579 1681 4645; x_wconf 85' lang='lat' dir='ltr'><strong>villis</strong></span> <span class='ocrx_word' id='word_1_329' title='bbox 1695 4578 1816 4645; x_wconf 89' lang='lat' dir='ltr'><strong>Domus</strong></span> <span class='ocrx_word' id='word_1_330' title='bbox 1832 4578 1917 4646; x_wconf 88' lang='lat' dir='ltr'><strong>beati</strong></span> <span class='ocrx_word' id='word_1_331' title='bbox 1932 4577 2046 4646; x_wconf 90' lang='lat' dir='ltr'><strong>loban-</strong></span> 
     </span>
     <span class='ocr_line' id='line_1_35' title="bbox 489 4679 2047 4766; baseline 0.001 -18"><span class='ocrx_word' id='word_1_332' title='bbox 489 4680 541 4748; x_wconf 89' lang='lat' dir='ltr'><strong>nis</strong></span> <span class='ocrx_word' id='word_1_333' title='bbox 561 4680 602 4748; x_wconf 86' lang='lat' dir='ltr'><strong>de</strong></span> <span class='ocrx_word' id='word_1_334' title='bbox 622 4679 752 4749; x_wconf 79' lang='lat' dir='ltr'><strong>Sublata</strong></span> <span class='ocrx_word' id='word_1_335' title='bbox 774 4689 806 4750; x_wconf 89' lang='lat' dir='ltr'><strong>et</strong></span> <span class='ocrx_word' id='word_1_336' title='bbox 827 4679 1037 4765; x_wconf 78' lang='lat' dir='ltr'><strong>Nyemoyowo</strong></span> <span class='ocrx_word' id='word_1_337' title='bbox 1058 4700 1154 4765; x_wconf 85' lang='lat' dir='ltr'><strong>quarn</strong></span> <span class='ocrx_word' id='word_1_338' title='bbox 1176 4687 1317 4763; x_wconf 73' lang='lat' dir='ltr'><strong>tempure</strong></span> <span class='ocrx_word' id='word_1_339' title='bbox 1338 4679 1441 4763; x_wconf 89' lang='lat' dir='ltr'><strong>putris</strong></span> <span class='ocrx_word' id='word_1_340' title='bbox 1462 4680 1564 4747; x_wconf 83' lang='lat' dir='ltr'><strong>nostri</strong></span> <span class='ocrx_word' id='word_1_341' title='bbox 1585 4679 1675 4748; x_wconf 83' lang='lat' dir='ltr'><strong>(lucis</strong></span> <span class='ocrx_word' id='word_1_342' title='bbox 1698 4679 1734 4748; x_wconf 84' lang='lat'><strong>0.</strong></span> <span class='ocrx_word' id='word_1_343' title='bbox 1750 4681 1967 4766; x_wconf 78' lang='lat' dir='ltr'><strong>possederunt,</strong></span> <span class='ocrx_word' id='word_1_344' title='bbox 1989 4698 2047 4749; x_wconf 91' lang='lat' dir='ltr'><strong>uos</strong></span> 
     </span>
     <span class='ocr_line' id='line_1_36' title="bbox 489 4780 2047 4868; baseline -0.002 -15"><span class='ocrx_word' id='word_1_345' title='bbox 489 4783 623 4853; x_wconf 67' lang='lat' dir='ltr'><strong>undem</strong></span> <span class='ocrx_word' id='word_1_346' title='bbox 643 4782 840 4865; x_wconf 74' lang='lat' dir='ltr'><strong>couiubnus,</strong></span> <span class='ocrx_word' id='word_1_347' title='bbox 858 4783 900 4852; x_wconf 92' lang='lat' dir='ltr'><strong>ab</strong></span> <span class='ocrx_word' id='word_1_348' title='bbox 914 4783 1059 4851; x_wconf 91' lang='lat' dir='ltr'><strong>omnibus</strong></span> <span class='ocrx_word' id='word_1_349' title='bbox 1080 4783 1201 4850; x_wconf 86' lang='lat' dir='ltr'><strong>iuribus</strong></span> <span class='ocrx_word' id='word_1_350' title='bbox 1222 4782 1313 4848; x_wconf 90' lang='lat' dir='ltr'><strong>nobis</strong></span> <span class='ocrx_word' id='word_1_351' title='bbox 1333 4780 1561 4866; x_wconf 67' lang='lat' dir='ltr'><strong>mccuuubus,</strong></span> <span class='ocrx_word' id='word_1_352' title='bbox 1581 4781 1742 4849; x_wconf 83' lang='lat' dir='ltr'><strong>videlicet:</strong></span> <span class='ocrx_word' id='word_1_353' title='bbox 1768 4800 1893 4867; x_wconf 83' lang='lat' dir='ltr'><strong>powosz</strong></span> <span class='ocrx_word' id='word_1_354' title='bbox 1915 4788 1950 4850; x_wconf 87' lang='lat' dir='ltr'><strong>et</strong></span> <span class='ocrx_word' id='word_1_355' title='bbox 1970 4783 2047 4868; x_wconf 89' lang='lat' dir='ltr'><strong>pod-</strong></span> 
     </span>
     <span class='ocr_line' id='line_1_37' title="bbox 489 4882 2048 4967; baseline -0.001 -14"><span class='ocrx_word' id='word_1_356' title='bbox 489 4901 615 4955; x_wconf 80' lang='lat' dir='ltr'><strong>rorouo</strong></span> <span class='ocrx_word' id='word_1_357' title='bbox 637 4891 671 4954; x_wconf 89' lang='lat' dir='ltr'><strong>et</strong></span> <span class='ocrx_word' id='word_1_358' title='bbox 691 4886 815 4954; x_wconf 84' lang='lat' dir='ltr'><strong>iudiciis</strong></span> <span class='ocrx_word' id='word_1_359' title='bbox 833 4893 867 4953; x_wconf 87' lang='lat' dir='ltr'><strong>et</strong></span> <span class='ocrx_word' id='word_1_360' title='bbox 888 4886 1033 4953; x_wconf 87' lang='lat' dir='ltr'><strong>omnibus</strong></span> <span class='ocrx_word' id='word_1_361' title='bbox 1053 4886 1135 4967; x_wconf 91' lang='lat' dir='ltr'><strong>aliis,</strong></span> <span class='ocrx_word' id='word_1_362' title='bbox 1158 4885 1260 4953; x_wconf 88' lang='lat' dir='ltr'><strong>nostri</strong></span> <span class='ocrx_word' id='word_1_363' title='bbox 1281 4883 1376 4967; x_wconf 78' lang='lat' dir='ltr'><strong>sigini</strong></span> <span class='ocrx_word' id='word_1_364' title='bbox 1398 4882 1570 4951; x_wconf 85' lang='lat' dir='ltr'><strong>munimine</strong></span> <span class='ocrx_word' id='word_1_365' title='bbox 1598 4883 1784 4952; x_wconf 81' lang='lat' dir='ltr'><strong>mboruutes</strong></span> <span class='ocrx_word' id='word_1_366' title='bbox 1804 4883 1950 4950; x_wconf 68' lang='lat' dir='ltr'><strong>ubsmute</strong></span> <span class='ocrx_word' id='word_1_367' title='bbox 1970 4883 2048 4951; x_wconf 88' lang='lat' dir='ltr'><strong>libo·</strong></span> 
     </span>
     <span class='ocr_line' id='line_1_38' title="bbox 489 4984 2047 5058; baseline -0.002 0"><span class='ocrx_word' id='word_1_368' title='bbox 489 5005 608 5058; x_wconf 78' lang='lat' dir='ltr'><strong>mmus.</strong></span> <span class='ocrx_word' id='word_1_369' title='bbox 652 4988 736 5055; x_wconf 79' lang='lat' dir='ltr'><strong>Acta</strong></span> <span class='ocrx_word' id='word_1_370' title='bbox 766 4994 841 5055; x_wconf 89' lang='lat' dir='ltr'><strong>suut</strong></span> <span class='ocrx_word' id='word_1_371' title='bbox 867 4987 924 5056; x_wconf 88' lang='lat' dir='ltr'><strong>hec</strong></span> <span class='ocrx_word' id='word_1_372' title='bbox 951 4987 985 5055; x_wconf 94' lang='lat' dir='ltr'><strong>in</strong></span> <span class='ocrx_word' id='word_1_373' title='bbox 1012 4986 1094 5056; x_wconf 87' lang='lat' dir='ltr'><strong>Seue</strong></span> <span class='ocrx_word' id='word_1_374' title='bbox 1115 4985 1298 5054; x_wconf 81' lang='lat' dir='ltr'><strong>Wlulisluw</strong></span> <span class='ocrx_word' id='word_1_375' title='bbox 1321 5004 1405 5053; x_wconf 89' lang='lat' dir='ltr'><strong>anno</strong></span> <span class='ocrx_word' id='word_1_376' title='bbox 1426 4984 1468 5053; x_wconf 91' lang='lat' dir='ltr'><strong>ab</strong></span> <span class='ocrx_word' id='word_1_377' title='bbox 1494 4985 1719 5054; x_wconf 87' lang='lat' dir='ltr'><strong>incarnacione</strong></span> <span class='ocrx_word' id='word_1_378' title='bbox 1744 4984 1872 5053; x_wconf 85' lang='lat' dir='ltr'><strong>Domini</strong></span> <span class='ocrx_word' id='word_1_379' title='bbox 1892 4986 2047 5055; x_wconf 82' lang='lat' dir='ltr'><strong>milesimo</strong></span> 
     </span>
     <span class='ocr_line' id='line_1_39' title="bbox 490 5086 2046 5172; baseline -0.002 -14"><span class='ocrx_word' id='word_1_380' title='bbox 490 5086 705 5159; x_wconf 67' lang='lat' dir='ltr'><strong>marteine</strong></span> <span class='ocrx_word' id='word_1_381' title='bbox 727 5090 886 5159; x_wconf 87' lang='lat' dir='ltr'><strong>tricesimo</strong></span> <span class='ocrx_word' id='word_1_382' title='bbox 907 5089 1053 5171; x_wconf 60' lang='lat' dir='ltr'><strong>wando,</strong></span> <span class='ocrx_word' id='word_1_383' title='bbox 1076 5087 1280 5156; x_wconf 80' lang='lat' dir='ltr'><strong>testantibus:</strong></span> <span class='ocrx_word' id='word_1_384' title='bbox 1304 5087 1447 5171; x_wconf 60' lang='lat' dir='ltr'><strong>mano</strong></span> <span class='ocrx_word' id='word_1_385' title='bbox 1462 5087 1600 5170; x_wconf 83' lang='lat' dir='ltr'><strong>Creslao,</strong></span> <span class='ocrx_word' id='word_1_386' title='bbox 1623 5087 2046 5172; x_wconf 57' lang='lat' dir='ltr'><strong>oecumenicarum</strong></span> 
     </span>
    </p>

    <p class='ocr_par' dir='ltr' id='par_1_15' title="bbox 790 5207 1892 5264">
     <span class='ocr_line' id='line_1_40' title="bbox 790 5207 1892 5264; baseline 0.001 -1"><span class='ocrx_word' id='word_1_387' title='bbox 790 5225 792 5229; x_wconf 85' lang='lat'><em>·</em></span> <span class='ocrx_word' id='word_1_388' title='bbox 1843 5207 1892 5264; x_wconf 73' lang='grc'><strong>10·</strong></span> 
     </span>
    </p>
   </div>
   <div class='ocr_carea' id='block_1_15' title="bbox 0 0 2300 6240">
    <p class='ocr_par' dir='ltr' id='par_1_16' title="bbox 0 0 2300 6240">
     <span class='ocr_line' id='line_1_41' title="bbox 0 0 2300 6240; baseline 0 0"><span class='ocrx_word' id='word_1_389' title='bbox 0 0 2300 6240; x_wconf 95' lang='lat' dir='ltr'><strong> </strong></span> 
     </span>
    </p>
   </div>
  </div>
 </body>
</html>
