4574 6240
2070 365 2118 439 sl

569 561 736 642 norribilis
767 558 893 645 quidem
915 565 965 627 est
987 564 1150 628 tauturiun
1171 578 1325 644 penarum
1347 561 1514 644 memoria;
1550 560 1607 628 sod
1639 579 1711 628 cum
1733 561 1845 630 similis
1866 562 1962 647 culpa
1987 561 2122 630 similem

570 670 682 742 (lebeti
711 661 881 732 iornddare
902 661 1088 742 vindictam,
1130 663 1231 730 rnulto
1265 662 1321 730 tibi
1355 663 1536 732 horribilior
1565 681 1635 732 csse
1663 662 1758 732 debet
1792 665 2003 734 consideratio
2032 665 2124 751 culpo

571 783 633 855 tue,
654 766 707 853 qui
729 765 820 850 quasi
841 763 1035 850 superiorem
1058 764 1115 832 tibi
1138 765 1337 834 ditissimum
1357 786 1420 835 non
1440 785 1621 852 cognoscas,
1643 768 1677 834 in
1695 767 1866 836 afflictione
1880 787 1945 852 qua
1959 769 2123 838 Gnesncu·

570 894 636 948 rom
656 868 820 940 ecclesiam
842 868 957 936 diceris
975 865 1141 949 afflixere,
1175 875 1208 936 te
1229 868 1311 950 Deo,
1345 869 1510 955 Deumque
1531 870 1590 938 tibi
1612 871 1806 938 contmrium
1828 870 1971 955 posuisse
1992 872 2123 955 viderim

571 977 748 1057 fidensque
769 970 891 1056 pecemi
913 987 1027 1055 penam
1049 970 1119 1055 ipsc
1140 978 1270 1055 peccato
1292 973 1442 1056 peiorem,
1476 972 1552 1040 dum
1582 972 1758 1062 contemnis
1784 979 1902 1040 temere
1923 971 2125 1057 disciplinam

571 1095 664 1169 quam
684 1093 743 1161 pro
765 1074 859 1160 culpa
880 1072 1022 1156 subiisti,
1058 1073 1246 1160 culpabilior
1266 1073 1407 1142 redderis
1427 1093 1510 1160 pena
1530 1075 1621 1160 culpe
1636 1093 1732 1160 qnam
1754 1073 1890 1142 fortusse
1911 1072 2008 1142 inens
2031 1075 2126 1160 culpa

571 1199 664 1272 psue;
698 1176 848 1262 quoniam
869 1176 931 1245 etsi
952 1176 1131 1244 mortaliter
1152 1175 1209 1243 illa
1229 1176 1316 1244 uenit
1337 1177 1370 1242 in
1391 1195 1520 1260 ausum,
1553 1178 1616 1245 ista
1643 1176 1772 1262 qudem
1792 1176 1880 1244 venit
1901 1176 2068 1245 mortalius
2089 1179 2124 1246 iu

572 1281 795 1365 contemptum.
839 1278 1023 1346 Perculerat
1051 1277 1206 1363 siquidem
1235 1297 1328 1347 aures
1356 1286 1483 1348 nostras
1511 1279 1575 1347 hm
1603 1285 1700 1349 antea
1717 1279 1904 1348 detestande
1926 1279 2124 1350 crudelitatis

572 1384 711 1463 muns,
747 1400 843 1466 quam
874 1381 907 1447 in
940 1379 1114 1466 predictam
1136 1380 1301 1448 ecclesiam
1329 1386 1363 1448 et
1384 1380 1469 1448 viros
1487 1381 1717 1449 ecclesiasticos
1738 1399 1884 1449 exercere
1905 1381 2126 1466 multipliciter

572 1484 739 1565 dicebaris3
775 1483 831 1550 sed
853 1482 981 1551 tandem
1002 1483 1070 1550 viro
1091 1482 1205 1550 eximie
1226 1483 1421 1564 sanctitatis,
1454 1483 1625 1553 venerabili
1647 1483 1747 1552 tratre
1768 1490 1877 1552 nostro
1900 1484 2122 1552 ..Gnesuensi

573 1586 804 1671 archiepiscopo
828 1584 870 1654 ud
896 1584 1007 1653 Sedem
1025 1586 1232 1670 apostolicam
1253 1585 1437 1668 accedente,
1459 1604 1640 1671 quenquam
1661 1586 1701 1654 de
1724 1585 1981 1654 tribulationibus
2010 1587 2125 1672 quibus

573 1690 702 1762 meleta
722 1687 794 1773 ipsa
813 1688 912 1774 gemit
930 1689 1177 1757 intellexerimus
1199 1689 1301 1758 multa
1319 1709 1376 1774 per
1395 1687 1510 1774 ipsum,
1537 1709 1559 1757 a
1579 1688 1657 1757 uiris
1679 1695 1785 1756 mmen
1808 1689 1963 1774 religiosis
1981 1697 2016 1758 et
2035 1691 2126 1758 incli-

573 1796 614 1864 tis
632 1790 792 1879 provincie
812 1791 1049 1861 circumstantis
1068 1791 1205 1877 plurima
1225 1797 1301 1859 sunt
1322 1791 1413 1859 nobis
1434 1792 1474 1859 dc
1496 1791 1597 1876 ipsius
1617 1793 1820 1877 oppressione
1841 1797 1999 1876 emposta
2036 1791 2126 1860 later

573 1915 633 1983 que
653 1912 748 1979 snper
768 1913 806 1962 eo
828 1894 897 1976 tibi,
919 1895 948 1961 si
969 1901 1077 1963 umen
1099 1894 1221 1980 etipse
1242 1894 1360 1977 doleas,
1383 1894 1555 1979 plurimum
1577 1894 1788 1976 condolemus,
1807 1894 1893 1979 quod
1908 1911 1980 1961 cum
1995 1900 2126 1979 propter

573 1998 769 2069 iniectionem
789 2015 941 2066 mmunm
962 1997 997 2064 in
1018 1996 1149 2065 clericos
1170 1998 1349 2080 violentam,
1369 1996 1402 2063 in
1424 1996 1549 2081 quibus,
1571 2004 1609 2066 ut
1630 1997 1737 2080 debes,
1759 1996 1863 2066 lesum
1886 1995 2050 2066 Christum
2063 2015 2127 2064 non

574 2100 685 2171 ulans
705 2100 859 2183 revereri,
889 2100 1050 2186 predictus
1072 2101 1327 2186 archiepiscopus
1346 2107 1378 2167 te
1397 2100 1636 2170 denunciaverit
1656 2100 1689 2166 in
1712 2118 1863 2168 canonem
1885 2099 1950 2168 late
1971 2099 2129 2167 sententie

574 2203 732 2285 incidisse,
759 2221 798 2270 ac
818 2202 917 2271 etiem
938 2209 1045 2287 preter
1067 2204 1100 2270 id
1122 2222 1287 2272 censuram
1308 2205 1342 2270 in
1365 2208 1397 2271 te
1418 2204 1603 2272 senonicum
1622 2205 1798 2271 exercuerit
1818 2221 1877 2288 pro
1899 2220 1951 2285 eo,
1974 2201 2058 2286 quod
2080 2199 2128 2270 ia·

575 2306 708 2378 cultates
727 2305 892 2375 universas
914 2305 1077 2374 cuiusdam
1098 2307 1237 2393 episcopi
1257 2305 1438 2373 decedentis
1460 2326 1481 2374 a
1502 2313 1535 2374 te
1554 2307 1681 2374 laumas
1701 2306 1869 2373 restituere
1890 2304 2069 2390 denegasti:
2091 2309 2129 2372 ιιι

577 2407 771 2493 disciplinam
793 2407 1037 2476 ecclesiasticam
1058 2409 1269 2494 velipendens,
1292 2427 1354 2476 nou
1368 2407 1471 2475 solum
1486 2407 1617 2476 noluisti
1637 2407 1778 2475 debitam
1799 2425 1895 2492 super
1915 2405 1965 2474 his
1984 2404 2130 2475 sadebe-

576 2511 690 2580 tionem
711 2510 901 2596 impendere,
924 2529 1031 2579 uuum
1053 2512 1151 2580 etiam
1172 2512 1206 2578 in
1226 2511 1330 2597 ipsum
1344 2518 1378 2580 ct
1392 2511 1557 2582 ecelesiam
1576 2529 1669 2578 susm
1689 2511 1798 2594 iugum
1819 2509 1982 2577 servitutis
1999 2506 2127 2577 nonde·

576 2614 651 2682 ens
668 2612 887 2698 multipliciter
908 2594 1091 2698 aggravari.
1128 2614 1236 2697 norro,
1259 2633 1331 2682 eum
1352 2634 1392 2683 ex
1417 2613 1643 2683 emesenum
1661 2613 1802 2698 generali
1823 2612 1982 2698 province
1996 2612 2130 2680 smum·

575 2715 687 2785 euntis
701 2714 743 2784 sd
754 2715 895 2784 locorum
909 2717 1072 2802 episcopos
1086 2722 1208 2802 spectet
1222 2718 1349 2785 collatio
1364 2717 1604 2801 prebendarum,
1620 2723 1657 2783 tu
1675 2715 1851 2801 prebendas
1864 2714 2058 2783 Gnesnensis
2074 2731 2125 2782 ec·

492 2836 506 2862 ·
577 2818 668 2886 clasis
688 2818 738 2886 vel
759 2818 827 2904 ipse
849 2818 990 2888 conferre
1011 2819 1142 2901 moliris,
1177 2819 1227 2889 vel
1247 2819 1406 2905 aliquibus
1427 2818 1506 2888 iacis
1528 2819 1688 2887 interdum
1720 2837 1778 2904 pro
1800 2818 1965 2886 voluntate
1985 2823 2044 2886 tua
2064 2834 2131 2901 per

578 2920 810 3006 impressionem
831 2919 976 2990 censuri
1009 2921 1198 2991 Sanctorum
1218 2940 1343 3007 quoque
1364 2922 1515 3007 reliquias
1536 2928 1571 2990 et
1591 2920 1692 3006 ipsius
1713 2919 1843 2989 ecclesie
1865 2925 2052 2989 ornamenta
2073 2936 2130 2987 seu

578 3021 746 3107 quemlibet
766 3023 952 3092 uernum
966 3024 1117 3107 eiusdem
1150 3025 1406 3109 predecessorum
1440 3031 1567 3091 tuorum
1587 3031 1646 3091 ant
1666 3023 1783 3092 ducum
1804 3023 1854 3090 vel
1875 3023 1973 3092 etlam
1994 3020 2130 3090 aliorum

579 3121 713 3191 fidelium
733 3124 796 3193 sibi
816 3126 983 3195 devotione
1004 3127 1171 3204 collatum,
1194 3128 1385 3196 auctoritate
1401 3126 1479 3195 heis
1493 3126 1624 3212 propria
1644 3126 1813 3208 custodiri,
1835 3143 1893 3194 nec
1911 3143 1951 3194 ea
1971 3125 2049 3193 sinis
2071 3143 2130 3211 per

579 3225 708 3294 cundem
738 3228 1010 3315 antiepiscopum
1043 3237 1078 3299 et
1100 3228 1284 3315 Capitulum
1301 3228 1473 3297 secundum
1495 3228 1753 3297 consuetudinem
1775 3227 1978 3296 ecclesiarum
2000 3228 2131 3296 Polonie

579 3328 757 3414 procurari;
791 3350 854 3399 non
874 3332 1052 3414 attendens,
1072 3331 1157 3416 quod
1179 3351 1242 3400 non
1264 3332 1365 3399 solum
1387 3332 1420 3398 in
1443 3349 1524 3397 nove
1545 3330 1630 3415 hege
1651 3330 1693 3398 ud
1714 3329 1800 3397 uiros
1821 3330 2050 3398 ecclesiasticos
2072 3329 2131 3397 ha·

579 3428 709 3498 iusmodl
731 3435 890 3518 pertinere
911 3441 1098 3518 noscuntur,
1135 3454 1244 3503 vuum
1276 3435 1372 3503 etism
1408 3434 1441 3500 in
1463 3433 1564 3500 veteri
1584 3450 1642 3517 per
1663 3432 1792 3500 levitas
1813 3432 1956 3518 precepit
1976 3431 2132 3501 Dominus
2174 3495 2176 3501 .

580 3549 654 3600 vasa
674 3540 707 3602 et
728 3545 915 3606 ornamenta
936 3537 1131 3607 tabernaculi
1154 3539 1316 3607 custodiri.
1339 3537 1560 3604 Immunitates
1582 3536 1712 3620 insuper
1732 3535 1873 3603 Ecclesie
1887 3553 1951 3602 non
1966 3535 2132 3618 reveritus,

581 3639 744 3736 quondm
766 3642 927 3726 captivum
947 3641 1136 3709 servandam
1159 3644 1193 3708 in
1219 3642 1361 3726 prelicta
1393 3641 1527 3709 ecelesia
1548 3640 1701 3724 posuisti,
1736 3639 1911 3724 precipiens
1944 3638 2029 3706 cirea
2060 3657 2133 3708 eum

582 3755 637 3821 per
656 3744 821 3811 canonicos
842 3745 986 3813 adhiberi
1007 3746 1182 3813 custodiam
1202 3750 1236 3813 et
1267 3746 1308 3812 de
1329 3743 1534 3813 hcultntibus
1555 3741 1621 3810 suis
1643 3742 1745 3810 eidem
1767 3740 1946 3809 necessaria
1964 3740 2132 3827 provideri

583 3836 718 3912 clericos
738 3865 813 3914 vero
834 3847 869 3913 in
890 3849 989 3916 sacris
1009 3847 1173 3916 ordinibus
1194 3847 1398 3929 constitutos,
1435 3846 1468 3913 in
1489 3845 1694 3930 ignominium
1720 3844 1793 3912 lesu
1815 3842 1935 3913 Christi
1956 3844 2134 3914 cameribns

583 3939 736 4013 interdum
750 3954 785 4014 et
798 3949 965 4017 tormentis
985 3947 1109 4034 affligis,
1131 3950 1165 4017 in
1187 3949 1236 4016 his
1258 3954 1292 4017 et
1312 3948 1384 4017 eliis
1405 3948 1675 4033 archiepiscopum
1696 3955 1906 4016 moratum
1920 3954 1954 4016 et
1967 3947 2134 4018 ecclesiam

582 4041 640 4110 sibi
660 4049 857 4117 commissam
879 4056 945 4118 tam
963 4051 1133 4119 crudeliter
1153 4051 1382 4136 persequendo,
1404 4057 1456 4133 ut,
1478 4050 1505 4116 si
1527 4050 1625 4118 etiam
1647 4049 1743 4118 verbo
1762 4055 1883 4134 lacem,
1913 4051 2133 4136 oppressiones

584 4149 654 4214 tuas
674 4151 768 4218 exilio
786 4150 935 4220 fatentur.
966 4152 1048 4233 Quis
1068 4154 1166 4238 igitur
1186 4152 1388 4221 uiiiictionem
1410 4152 1540 4221 ecclesie
1561 4153 1743 4237 supradicte
1764 4171 1803 4221 ac
1824 4159 1915 4220 tunm
1937 4172 2062 4238 quoque
2080 4171 2135 4238 pc·

584 4246 724 4334 ciculum,
747 4256 831 4338 quod
853 4263 999 4324 versatur
1019 4255 1054 4323 in
1074 4257 1164 4340 ipsa,
1197 4255 1396 4324 dimimulare
1422 4274 1480 4323 nec
1501 4255 1645 4322 volumus
1666 4274 1726 4323 nec
1746 4254 1913 4339 debemus,
1937 4255 2137 4324 nobilitatem
2258 4249 2263 4257 ’

585 4354 670 4419 bum
691 4374 853 4425 monemus
874 4359 1028 4425 stannus
1049 4364 1084 4426 et
1104 4358 1280 4440 hortamur,
1302 4365 1336 4425 et
1357 4377 1414 4442 por
1435 4357 1572 4425 salutem
1593 4364 1660 4424 tam
1681 4359 1787 4426 anime
1808 4363 1863 4426 tue
1876 4377 1973 4444 quam
1994 4357 2136 4442 corporis

583 4449 776 4526 &testantes
797 4478 855 4545 per
874 4460 979 4528 lesum
1001 4459 1174 4542 christum,
1196 4461 1230 4525 in
1248 4460 1336 4527 cuius
1359 4461 1484 4528 nomine
1495 4459 1634 4528 flectitur
1655 4479 1748 4528 omne
1769 4479 1852 4545 penu
1873 4462 2047 4544 celestium,
2068 4465 2133 4529 ter·

586 4558 729 4627 restrium
763 4568 796 4630 et
824 4564 921 4630 etiam
949 4561 1160 4643 iniunctum,
1195 4561 1340 4630 districtc
1369 4562 1428 4629 tihi
1455 4563 1662 4647 precipimus,
1698 4571 1857 4649 quatenus
1877 4570 1911 4632 te
1931 4564 1991 4632 snb
2012 4562 2136 4648 potenti

587 4672 679 4727 nunu
699 4663 768 4730 eius
789 4665 970 4748 humilians,
991 4684 1086 4751 super
1107 4664 1146 4731 iis
1168 4683 1226 4749 pro
1248 4664 1362 4749 quibus
1384 4684 1550 4733 censuram
1571 4665 1817 4734 ecclesinsticum
1839 4666 2011 4750 incurristi,
2033 4664 2138 4734 redire

587 4757 626 4825 ’ΔΙ
648 4765 830 4835 mandatum
852 4767 981 4836 ecclesie
1002 4786 1065 4835 non
1077 4775 1260 4853 postponas,
1281 4774 1315 4834 et
1337 4786 1399 4834 non
1421 4767 1594 4852 impediens
1615 4786 1674 4837 uec
1695 4767 1814 4837 faciem
1834 4768 1991 4853 impediri,
2013 4766 2137 4852 quomi-

587 4877 645 4927 nus
664 4865 747 4935 idem
767 4871 1038 4956 archiepiscopus,
1057 4876 1154 4956 prout
1172 4869 1214 4939 sd
1231 4870 1335 4954 ipsum
1355 4870 1395 4939 de
1415 4872 1486 4938 inre
1504 4872 1652 4956 pertinet,
1674 4871 1774 4938 libere
1795 4870 1938 4940 conterat
1958 4870 2135 4955 prebendis

587 4969 620 5030 ti
639 4980 824 5051 personamus
844 4975 974 5044 ecclesie
995 4981 1178 5055 memorate,
1201 4992 1239 5041 ac
1260 4973 1448 5042 Sanctorum
1470 4973 1619 5060 reliqniss
1640 4993 1679 5042 ac
1699 4982 1807 5043 cetera
1826 4979 2015 5042 ammenta
2036 4973 2137 5057 ipsius

587 5067 714 5139 calmis
728 5075 776 5144 vel
793 5077 990 5159 thesaurum,
1010 5079 1094 5144 sicin
1106 5076 1252 5160 snpemus
1270 5081 1322 5142 cst
1338 5095 1531 5160 expressum,
1553 5097 1610 5161 per
1630 5095 1666 5144 se
1687 5076 1848 5145 custodiat
1867 5080 1903 5144 et
1922 5073 2021 5144 neat
2042 5080 2139 5161 prout

589 5171 712 5252 expulit
732 5196 790 5260 per
809 5177 992 5265 capitatum
1011 5178 1183 5260 metatum
1216 5196 1346 5266 prorsus
1375 5177 1417 5244 ab
1439 5178 1538 5263 ipsium
1559 5177 1786 5263 archiepiscopi
1808 5183 1842 5244 et
1862 5176 1994 5246 ecclesie
2014 5195 2073 5246 seu
2093 5177 2139 5244 ui·

591 5284 693 5342 mrum
714 5280 996 5352 eccieiustieorum
1013 5282 1232 5367 persecutiom
1251 5279 1388 5350 cesus
1419 5286 1454 5348 et
1473 5297 1529 5350 cos
1549 5279 1584 5351 in
1605 5279 1765 5368 utputa
1786 5297 1849 5348 non
1870 5278 2024 5350 cumin:
2060 5279 2140 5366 quin

1930 5395 1964 5454 'i‘
