4574 6240
1959 367 2032 456 nt
2166 345 2174 359 ’

482 574 703 656 cnanicnsium
725 575 817 650 firma
836 582 870 648 st
890 573 1014 648 stabilis
1036 574 1202 663 habeatur,
1223 579 1327 666 sigillo
1347 600 1418 651 mco
1438 585 1475 651 ct
1497 574 1637 668 Capituli
1650 580 1714 650 mci
1729 601 1798 650 carn
1812 582 1941 668 dignum
1959 580 2036 649 duxi

487 685 682 759 confirmare.
726 684 808 750 Acta
833 689 909 751 sunt
938 682 996 750 hoc
1022 701 1105 750 anno
1128 682 1226 751 Vorbi
1252 685 1408 753 incarnati
1433 684 1599 754 millesimo
1620 686 1835 753 ducantusimo
1866 685 2034 766 tricesimo,

487 789 573 862 istis:
595 787 647 856 Vi
665 785 794 871 domno,
816 785 852 853 P.
873 785 1104 868 archidiacono,
1128 785 1182 854 Po.
1213 788 1388 870 scolastico,
1417 787 1474 855 Po.
1504 795 1643 870 cantora,
1666 789 1741 856 Ara.
1764 787 1904 869 custode,
1927 786 2036 870 Paulo,

488 891 628 974 Nicolno,
651 889 813 975 Grugorio,
835 889 1015 972 Vinccncio,
1038 889 1195 971 Βοκιιοιιο,
1218 889 1369 973 Iohanne,
1391 889 1558 974 Pribinlao,
1584 890 1709 972 Iacobo,
1733 888 1883 972 Iohanne,
1905 890 2038 958 alberto

489 994 646 1066 mosaicis
666 992 875 1079 presentibus,
896 991 970 1078 (sic)
990 1000 1024 1060 et
1044 992 1116 1060 aliis
1138 1010 1233 1079 qaam
1254 992 1409 1078 plurimis.
2074 1028 2077 1035 ·

590 1197 791 1281 Gcsticbosa,
813 1201 908 1264 mdc
926 1195 1053 1280 plicui!
1072 1218 1222 1264 mancas
1245 1201 1395 1280 Porum

1158 1597 1232 1683 Nn.
1266 1594 1364 1684 128.

595 1795 689 1881 Gom.
714 1794 927 1879 Bionisiitltl
954 1798 1093 1879 1230
1121 1793 1146 1877 J
1147 1816 1206 1877 tn.
1232 1797 1318 1892 29,
1344 1816 1373 1878 8.
1399 1794 1444 1897 1.;
1471 1812 1594 1880 confert
1618 1813 1768 1883 coenobio
1794 1813 1948 1902 Puradyt,
1975 1816 2041 1884 sinc

490 1916 702 2000 Gcstiubowo,
729 1916 836 1984 omnia
860 1914 945 1983 bona
970 1934 1030 1983 saa
1054 1920 1088 1983 ct
1116 1915 1224 1983 uxoris
1252 1933 1330 1983 suaa
1350 1915 1480 1983 mobilia
1499 1921 1534 1983 et
1558 1916 1742 1999 immobilia,
1767 1935 1825 1985 nec
1846 1936 1911 1985 non
1932 1926 1966 1986 ct
1986 1919 2041 1988 bc·

490 2019 735 2205 mazam.
752 2127 868 2204 oruata
905 2125 1016 2202 Brzeoi
1035 2123 1148 2188 boroso
1165 2122 1293 2208 obsiste,
1314 2123 1369 2188 bez
1389 2122 1479 2187 italas
1492 2128 1690 2191 zoninum
1699 2127 1848 2211 pieczcci,
1865 2123 1957 2190 ktlrc
1976 2144 2041 2191 oso-

490 2228 549 2294 btto
568 2229 766 2302 mmmm
787 2235 931 2306 (plectat
948 2233 1012 2299 IX.)

595 2329 730 2398 nomas
787 2331 860 2395 nat
897 2327 1069 2412 amaus.
1126 2331 1306 2410 nasama,
1339 2332 1376 2395 A.
1409 2329 1439 2393 2
1499 2327 1682 2411 massas
1747 2332 1816 2396 coa.
1860 2332 2041 2411 amma

493 2437 596 2500 Polou
617 2435 648 2498 4.
719 2497 722 2504 ,

597 2636 635 2705 ln
656 2636 783 2705 nomine
803 2635 909 2705 Patris
926 2639 961 2702 et
981 2633 1056 2701 Filii
1076 2639 1111 2702 ct
1131 2633 1269 2719 Spiritus
1288 2635 1404 2703 sancti.
1431 2635 1612 2705 Broaissias
1633 2637 1694 2706 Dei
1715 2637 1921 2706 miseracione
1942 2655 2046 2706 ,m

494 2744 529 2809 ct
548 2739 700 2809 fundator
721 2738 843 2808 cenobii
867 2738 901 2804 in
933 2736 1084 2805 Paraffiso
1105 2737 1164 2805 Dsi
1186 2738 1410 2822 omnipotentis
1436 2743 1471 2806 ct
1490 2739 1584 2808 beata
1609 2739 1714 2808 llario
1739 2746 1891 2826 perpetue
1916 2740 2047 2825 virginis

493 2844 660 2929 mationa
680 2842 814 2911 Martini
835 2840 1021 2909 oonicssoris
1042 2839 1161 2907 domini
1182 2841 1285 2907 nostri
1306 2839 1402 2907 Ihcsu
1423 2839 1562 2909 Christi:
1586 2849 1733 2910 constare
1750 2843 1822 2909 volo
1837 2848 1904 2910 turc
1920 2860 2047 2927 pausan-
2139 2863 2149 2896 ν

493 2944 579 3014 bbus
600 2964 696 3030 qoam
717 2943 832 3012 futuris
855 2941 975 3011 christi
997 2941 1170 3009 cultoribus
1192 2943 1356 3024 universis,
1379 2943 1465 3027 quod
1486 2943 1520 3010 in
1533 2944 1749 3011 remissionem
1768 2963 1910 3012 nicarum
1924 2951 1958 3012 st
1970 2963 2048 3012 uxo·

493 3047 539 3116 ris
558 3066 629 3117 mss
648 3047 864 3134 peccaminum
886 3044 981 3113 sian
1001 3052 1036 3112 ct
1055 3045 1292 3129 progenitorum
1312 3063 1455 3114 mcorum
1476 3051 1510 3114 st
1530 3044 1664 3113 obtenta
1685 3048 1751 3114 rito
1779 3053 1898 3130 eterne,
1925 3046 1967 3115 aul
1992 3047 2049 3115 bo-

407 3161 409 3165 ’
494 3167 604 3219 nom
629 3149 690 3219 Dci
715 3156 750 3218 et
774 3148 972 3218 sanctissima
997 3148 1110 3216 matris
1140 3148 1208 3214 sius
1233 3145 1336 3215 liaris
1360 3154 1395 3214 ct
1426 3149 1531 3217 sancti
1556 3148 1692 3217 Martini
1710 3148 1897 3218 contessoris
1911 3148 2049 3232 christi,

496 3251 598 3321 obtuli
618 3258 653 3321 ct
673 3252 793 3321 contuli
814 3251 996 3338 supradicto
1019 3249 1148 3317 cenobio
1170 3249 1330 3331 Paradiso,
1353 3251 1438 3333 quod
1456 3252 1632 3336 vulgariter
1644 3251 1837 3321 Gostichovo
1858 3253 2049 3336 nominatur,

496 3372 568 3424 tum
589 3373 744 3424 consensu
763 3352 971 3422 illustrissimi
992 3352 1081 3419 ducis
1103 3350 1233 3418 Paionia
1253 3350 1425 3436 Vlodcslay
1446 3353 1588 3436 iunioris,
1616 3361 1651 3423 st
1672 3355 1792 3423 domini
1816 3355 1909 3425 Pauli
1931 3355 2051 3425 Posna·

494 3457 613 3527 nicnsis
633 3457 763 3527 winsia
783 3457 931 3542 episcopi,
953 3462 1072 3523 etcum
1086 3472 1240 3522 consensu
1254 3453 1352 3520 Obori
1365 3454 1606 3540 Pcsnaaicnsis,
1629 3477 1701 3526 cum
1717 3478 1871 3528 macoma
1885 3457 2053 3528 Sandivoii·

495 3559 605 3630 nauis
617 3562 681 3630 mci
694 3567 729 3629 et
742 3560 869 3628 larostii
882 3559 941 3627 tilii
954 3559 1064 3626 fratris
1077 3559 1157 3639 mci,
1179 3575 1251 3626 cum
1272 3575 1426 3626 consensu
1443 3561 1551 3627 uxoris
1565 3578 1635 3627 mss
1657 3566 1692 3644 ct
1711 3567 1879 3646 pumntum
1898 3560 2052 3642 meorum,

495 3668 570 3748 post
581 3669 715 3733 mortam
729 3681 831 3731 mcum
845 3667 879 3730 ct
892 3662 999 3729 moris
1013 3679 1081 3728 moe
1094 3661 1201 3728 omnia
1214 3659 1297 3728 bona
1318 3679 1389 3729 mcu
1403 3668 1437 3728 st
1449 3663 1558 3729 moris
1579 3681 1649 3731 mss
1667 3664 1798 3733 mobilia
1820 3669 1855 3732 st
1874 3663 2049 3746 inmobilia,

495 3770 531 3834 ct
542 3783 652 3836 nmmos
666 3765 857 3835 bucditatas
878 3782 966 3832 mcas
987 3781 1049 3848 qus
1070 3770 1203 3847 pateam
1224 3768 1258 3830 ct
1277 3761 1469 3832 husditario
1487 3767 1557 3832 iure
1578 3766 1674 3833 michi
1692 3772 1856 3835 cesseram
1877 3766 2053 3835 cumomni

495 3867 566 3938 lunc
586 3874 621 3938 ct
644 3869 785 3937 aniate
811 3868 907 3935 sicuti
933 3885 990 3952 ugo
1019 3864 1160 3952 possedi,
1194 3885 1328 3950 numum
1356 3867 1510 3936 vocabula
1536 3874 1613 3935 sunt
1639 3866 1715 3937 beu:
1749 3869 1903 3954 Zuborov,
1925 3867 2052 3951 Zakrci,

497 3968 689 4054 lblmtsovo,
710 3971 896 4052 Polovircia,
918 3968 1069 4050 Kottovo,
1091 3966 1313 4050 Albrscbtovo,
1344 3967 1553 4052 (lbranstouc,
1582 3969 1757 4055 cunamlss,
1784 3971 1918 4054 Gcmca,
1944 3970 2055 4040 mium

496 4073 567 4144 lunc
588 4092 652 4159 qao
672 4080 707 4143 ct
727 4068 845 4161 prima,
862 4072 1009 4140 videlicet
1030 4070 1240 4138 Gostichovo:
1263 4069 1323 4137 hoc
1344 4077 1395 4138 ast
1408 4072 1442 4138 in
1463 4075 1550 4140 omni
1563 4074 1707 4142 adflate
1720 4093 1877 4159 agrorum,
1893 4082 2060 4159 aggerum

497 4177 686 4263 minam,
707 4185 872 4264 pratorum
894 4180 928 4244 st
945 4176 1107 4257 silvarum,
1129 4173 1369 4256 mellificiurum,
1384 4192 1584 4258 pmcuarum,
1598 4176 1766 4245 kastorum
1779 4182 1815 4244 st
1826 4176 2056 4263 pausarum:

497 4277 651 4350 hmiliam
672 4300 774 4350 msam
793 4288 827 4350 ot
845 4279 953 4347 uxoris
974 4297 1052 4361 mcc,
1075 4279 1217 4345 iumenta
1237 4296 1363 4362 quoquo
1383 4284 1418 4346 et
1436 4298 1579 4362 peccora,
1605 4280 1844 4364 supellectilem,
1875 4285 1909 4347 ct
1936 4278 1965 4345 si
1992 4296 2055 4363 qus

499 4381 567 4450 sint
586 4382 649 4452 alie
669 4383 720 4452 vel
740 4401 899 4468 emergens
920 4385 1053 4466 possunt
1073 4380 1231 4447 utilitates
1253 4397 1314 4462 quc
1336 4379 1388 4447 lic
1411 4398 1475 4447 non
1501 4380 1726 4466 specificantur
1749 4383 1894 4450 universo
1924 4387 1959 4449 ot
1983 4381 2054 4448 uni·

502 4484 672 4554 venaliter
689 4504 811 4554 omncs:
833 4484 1049 4570 prenominata
1067 4481 1207 4564 abbacie,
1230 4481 1376 4549 alenset
1396 4481 1558 4568 Panadyso
1582 4491 1692 4554 sancta
1712 4484 1816 4552 liaris
1842 4490 1877 4552 st
1902 4481 2054 4550 iratribus

499 4585 616 4656 ibide·
637 4587 708 4656 lico
729 4587 946 4669 servientibus,
968 4587 1022 4669 qui
1044 4591 1120 4652 sunt
1141 4585 1270 4652 Ordinis
1293 4582 1512 4653 Cistercisnsis
1536 4587 1761 4656 Posnanisnsis
1783 4587 1927 4669 diosmis,
1958 4605 1979 4654 a
2005 4604 2056 4653 ms

499 4693 535 4757 ct
554 4687 597 4757 ab
618 4707 716 4758 uxore
737 4709 809 4757 mca
829 4689 922 4775 pleno
944 4688 1014 4754 turc
1038 4685 1243 4754 conferuntur
1263 4690 1297 4754 et
1315 4685 1552 4756 confirmantur.
1582 4688 1645 4758 llt
1664 4690 1765 4774 igitur
1789 4691 1849 4758 bec
1873 4689 2006 4756 donacio
2023 4693 2058 4757 et

499 4792 677 4878 manatio
696 4799 810 4861 nostra
830 4793 976 4878 superius
996 4789 1157 4858 nominate
1177 4789 1308 4856 abbacia
1327 4793 1362 4856 et
1381 4787 1535 4860 iratribus
1556 4791 1696 4860 eiusdem
1714 4792 1777 4861 loci
1797 4799 1870 4861 rata
1891 4797 1926 4861 st
1950 4792 2057 4859 incon·

503 4893 596 4963 vulsa
615 4901 806 4981 musnet,
833 4913 892 4980 ogo
918 4892 1100 4961 Broaissias
1126 4891 1277 4960 fundator
1300 4891 1452 4976 Paradysi
1478 4912 1607 4978 prcscns
1632 4895 1787 4980 sompnum
1804 4894 1901 4980 sigilli
1926 4892 1989 4960 mci
2010 4893 2059 4958 in·

500 4996 663 5082 mione
687 4997 763 5065 duxi
794 4996 1004 5065 roborandum
1034 5014 1106 5063 cnm
1126 4994 1279 5062 bonorum
1301 4999 1335 5061 ct
1355 4993 1496 5064 fidelium
1516 4998 1657 5064 virorum
1684 4997 1904 5073 attestatione,
1926 5013 2059 5079 qaorum

499 5101 631 5169 nomina
647 5106 724 5169 sunt
744 5100 815 5169 bac:
844 5097 1043 5167 Wlodssluus
1076 5099 1180 5166 iunior
1212 5097 1276 5163 dux
1308 5097 1448 5181 Polonie,
1481 5101 1646 5186 epscopus
1676 5101 1794 5169 Paulas
1826 5099 2059 5178 Posnanicnsis,

501 5199 690 5272 &abircius
710 5201 810 5272 irater
830 5221 927 5279 mous,
951 5200 1092 5269 Wissota
1109 5201 1193 5268 snm
1207 5199 1361 5283 lingonis,
1383 5200 1537 5270 albanus
1556 5211 1649 5289 patar
1662 5203 1891 5284 Harksnboldi,
1913 5202 2068 5270 Tssslaus·
2147 5232 2151 5237 ·

500 5303 542 5376 (lc
561 5306 742 5392 Brodcnits,
763 5307 948 5376 Ambrosias
970 5305 1152 5390 capellanus
1180 5305 1221 5372 ‹ls
1241 5303 1351 5389 (laiso,
1384 5305 1547 5375 flammas
1568 5308 1713 5378 notanns
1733 5324 1833 5391 mous,
1865 5309 1901 5375 ct
1925 5305 2061 5375 murum
2148 5313 2153 5324 '

1847 5422 1898 5482 16⁸
