4574 6240
1843 297 1845 301 ’
1894 347 1967 424 ras

420 569 479 623 nos
499 549 645 620 convenit
665 539 822 632 exhibere,
844 568 908 637 quo
930 548 1052 620 lacilim
1073 549 1145 618 odia
1165 549 1336 618 multorum
1358 549 1524 618 incurrunt
1538 555 1571 618 ct
1584 547 1744 634 graviores
1759 547 1890 618 insidias
1911 567 1969 634 pa·

421 656 562 738 austun
582 653 658 722 dum
679 653 839 738 pastorale
859 653 996 721 officium
1018 653 1199 738 exequendo
1221 660 1416 739 nequeuntes
1437 652 1582 722 omnibus
1595 652 1798 736 complacere,
1820 652 1912 737 quasi
1926 652 1970 719 si·

420 775 516 846 gnum
537 761 614 825 sunt
633 756 730 841 positi
750 756 792 824 ad
813 758 973 840 sagittam.
1017 755 1097 823 Cum
1120 756 1226 840 igitur,
1245 755 1328 823 sicut
1349 762 1499 840 exparte
1524 761 1581 822 tua
1606 753 1668 820 luit
1692 754 1890 838 propositum
1918 773 1969 824 oo·

420 878 490 930 nm
510 855 611 942 uobis,
633 857 776 927 nonnulli
797 858 902 927 clerici
923 865 957 927 et
967 857 1051 941 laici,
1070 877 1133 925 non
1149 863 1213 924 tam
1227 857 1384 925 iustitiam
1399 875 1489 925 suam
1503 856 1652 942 prosequi
1664 873 1761 941 quam
1775 862 1808 923 te
1822 857 1970 942 persequi

420 961 662 1048 dampnabiliter
681 961 890 1044 intendentes,
912 968 945 1029 te
967 953 1053 1029 ultra
1072 959 1151 1028 duas
1172 961 1274 1027 dietas
1295 959 1441 1043 pluresve
1462 967 1553 1027 extra
1577 957 1727 1026 diocesim
1753 957 1970 1028 Gnesaensem

421 1083 478 1153 per
494 1064 620 1133 litteras
640 1063 830 1148 apostolicas
851 1062 969 1133 facum
989 1063 1145 1132 malitiose
1163 1063 1265 1144 citari,
1287 1069 1325 1128 ut
1345 1061 1497 1146 fatigatus
1517 1059 1679 1129 laboribus
1700 1073 1734 1127 et
1754 1061 1898 1144 expensa
1920 1061 1970 1128 rel

421 1166 531 1238 cedere
551 1166 661 1235 litibus
679 1167 730 1234 vel
750 1167 938 1251 mmpnosas
960 1167 1122 1252 pactiones
1143 1165 1248 1232 subire
1270 1165 1407 1248 cogaris:
1428 1183 1498 1249 nos,
1520 1170 1673 1249 quantum
1689 1181 1761 1230 cum
1779 1163 1846 1232 Deo
1859 1181 1972 1249 possu-

421 1286 491 1338 mus
512 1269 612 1355 quieti
633 1274 689 1336 tue
710 1268 873 1336 consulere
894 1269 1065 1352 cupientes,
1087 1286 1128 1335 ne
1149 1268 1189 1333 de
1209 1273 1314 1334 cetero
1336 1265 1422 1333 ultra
1442 1266 1522 1335 duas
1544 1267 1647 1334 deus
1668 1273 1760 1333 extra
1780 1266 1883 1351 ipsam
1903 1265 1971 1335 dio-
2105 1345 2106 1348 Ἴ

421 1371 517 1442 ceslm
538 1389 596 1456 per
615 1370 741 1438 litteras
762 1390 783 1436 a
803 1369 884 1438 Sede
905 1370 1077 1454 apostolica
1098 1370 1285 1453 impetratas
1313 1368 1397 1434 trahi
1423 1369 1525 1453 possis
1552 1370 1585 1435 in
1615 1386 1752 1450 oausam
1781 1368 1972 1436 auctoritate

422 1472 481 1542 tibi
502 1474 696 1559 presentium
716 1470 923 1556 indulgemus,
946 1472 1006 1540 nisi
1028 1473 1135 1541 littere
1156 1474 1223 1558 ipse
1243 1473 1283 1539 de
1304 1471 1501 1555 indulgentia
1521 1473 1659 1557 prasenti
1681 1471 1814 1540 teoennt
1838 1471 1971 1540 mendo·

354 1616 358 1625 ·
423 1595 504 1645 nem.
548 1574 638 1642 Nulli
658 1594 733 1659 ergo
755 1581 863 1642 nostre
884 1576 1094 1644 concessionis
1115 1575 1210 1662 (etet
1254 1573 1383 1661 Siquis
1404 1581 1510 1642 sutem
1532 1573 1627 1662 (eta).
1657 1575 1777 1642 Datum
1798 1573 1973 1643 Interamni

421 1677 482 1746 XV
503 1677 664 1746 Kdendas
686 1676 770 1761 Iulii,
792 1696 875 1746 auno
895 1676 1024 1746 decimo.

1104 1975 1177 2062 Νι.
1212 1972 1310 2061 190.

526 2167 621 2254 dom
645 2167 867 2272 Pribignous
892 2173 1026 2254 1286
1053 2168 1141 2254 lun
1166 2175 1253 2270 23,
1278 2173 1321 2255 in
1346 2172 1509 2256 museo
1534 2170 1738 2275 Paradpsm
1767 2187 1891 2257 eomes
1910 2207 1976 2258 nra

423 2306 495 2359 mm
513 2295 618 2359 matra
636 2295 671 2356 et
690 2308 788 2357 uxore
810 2307 869 2357 sua
888 2289 1096 2359 hereditatem
1117 2291 1266 2358 Rusinou
1288 2290 1440 2360 fratribus
1461 2291 1502 2359 de
1523 2288 1675 2374 Paradyt.

527 2397 669 2474 Pergase.
696 2398 813 2476 oruata
851 2395 981 2480 Wcigcr'a
997 2414 1192 2476 poprsecsne
1213 2399 1254 2460 od
1267 2400 1508 2477 prmioesenia
1518 2392 1631 2474 jede&
1643 2399 1782 2481 pieszgci
1799 2397 1907 2461 osobno
1920 2415 1975 2460 sa·

423 2494 588 2576 ammo.
606 2505 751 2576 ulmae
768 2505 819 2568 xt

525 2597 660 2668 mmm
716 2600 882 2666 Bibliotelca
919 2598 1086 2680 Rocswtsle.
1143 2602 1281 2682 aspona
1312 2605 1348 2664 A.
1378 2603 1409 2666 7.
1466 2599 1645 2682 ΒαοτγιὶιΙιὶ
1708 2603 1778 2666 cod.
1814 2604 1980 2682 aspum.-

425 2703 537 2770 usar.
558 2704 660 2768 Poloa
680 2703 732 2766 14.

526 2905 566 2975 In
586 2906 713 2975 nomiae
732 2912 844 2976 mate
863 2914 897 2976 et
918 2907 1077 2976 indimdue
1097 2906 1273 2976 trinitatis.
1318 2905 1399 2977 llum
1421 2915 1537 2976 cancta
1556 2908 1641 2976 bona
1658 2908 1845 2993 temporalis
1859 2911 1976 2978 bansi-

424 3008 509 3080 toria
529 3009 595 3078 slnt
616 3016 649 3078 et
670 3010 798 3093 cadum,
817 3011 946 3097 dmum
966 3018 1016 3078 est
1037 3015 1071 3079 et
1091 3009 1216 3079 salubre
1245 3017 1283 3078 ut
1307 3010 1348 3079 de
1371 3012 1565 3081 manubriis
1589 3012 1748 3081 lucremur
1772 3031 1978 3097 permansura

372 3141 377 3150 ·
424 3129 463 3181 aa
483 3109 605 3181 curua
624 3112 817 3200 pauperibus
839 3112 1006 3198 erogando,
1028 3115 1083 3200 qui
1102 3133 1160 3199 pro
1181 3113 1271 3182 nobis
1293 3114 1516 3183 interemores
1536 3120 1571 3182 et
1590 3113 1736 3183 adromti
1754 3115 1896 3184 existent
1916 3133 1974 3200 pro

423 3215 541 3284 uostris
562 3216 704 3285 resbbus
722 3233 879 3284 summum
901 3215 1039 3285 Iudicem
1060 3216 1227 3285 exorando.
1272 3213 1393 3284 Notum
1413 3217 1457 3284 sit
1477 3217 1576 3301 igitur
1597 3216 1752 3285 universis
1774 3223 1840 3285 tam
1860 3214 1976 3284 futuru

291 3373 292 3376 ,
423 3328 520 3403 quam
540 3318 741 3404 presentibus
764 3318 885 3386 Christi
905 3318 1060 3403 fidelibus,
1081 3319 1167 3405 quod
1187 3337 1245 3404 ego
1268 3337 1372 3387 comes
1392 3318 1579 3404 Pribigneus
1600 3325 1635 3386 et
1647 3325 1751 3388 mater
1767 3338 1839 3389 mea
1852 3319 1978 3387 nomine

424 3416 595 3490 Woiaecba
615 3427 650 3490 et
670 3439 751 3489 uxor
770 3440 842 3490 mes
862 3423 989 3491 nomine
1010 3422 1166 3506 Zdislara,
1188 3421 1296 3490 diviru
1317 3420 1493 3507 inspirante
1514 3422 1693 3505 clemencia,
1723 3423 1881 3491 communi
1902 3440 1978 3490 oon·

424 3537 520 3591 sensu
539 3528 575 3591 st
594 3523 666 3608 pari
686 3529 761 3592 noto
782 3524 972 3593 contulimus
997 3524 1091 3593 beate
1111 3531 1146 3593 et
1168 3529 1320 3610 perpetue
1346 3523 1458 3609 virgini
1484 3522 1545 3592 Ilei
1569 3523 1715 3610 genitrici
1740 3524 1843 3593 llario
1868 3530 1904 3594 et
1931 3525 1979 3593 di·

365 3641 371 3650 ·
424 3622 516 3694 lesda
536 3625 689 3696 trabibus
709 3625 749 3695 de
768 3625 931 3713 Paralyso
952 3627 1080 3696 Ordinis
1103 3627 1330 3709 catenum,
1352 3626 1485 3694 diocesis
1503 3626 1736 3710 Poaasniensiq
1757 3627 1862 3696 locum
1880 3645 1979 3712 queu-

424 3725 499 3796 dam
519 3728 838 3798 nosaaberediaasis
860 3731 985 3799 nomine
1013 3730 1180 3798 Rusenove
1208 3747 1279 3796 cum
1307 3728 1453 3797 omnibus
1479 3729 1623 3798 termis
1649 3736 1684 3798 et
1705 3731 1886 3799 attinenciis
1911 3730 1978 3798 suis

424 3833 581 3916 perpessa
601 3828 759 3914 libertate,
781 3831 994 3916 predictomm
1014 3830 1149 3900 murm
1170 3830 1413 3899 necessitatibus
1433 3836 1467 3898 et
1487 3837 1669 3900 sesumam
1682 3834 1859 3902 animarum
1880 3833 1978 3903 mluti
2079 3887 2080 3890 ι
2229 3779 2231 3784 ¹

424 3929 589 4017 providere
609 3933 782 4017 cupientes.
826 3932 874 4002 Ut
894 3934 993 4019 igitur
1013 3933 1071 4003 bec
1093 3939 1203 4002 nasus
1223 3933 1356 4001 donacio
1376 3933 1412 4000 in
1432 3939 1595 4017 posterum
1620 3940 1693 4003 rata
1718 3943 1846 4006 maneat
1867 3941 1907 4012 et,
1929 3937 1978 4003 in·

426 4033 587 4118 marusa,
605 4033 703 4120 sigilli
724 4036 825 4104 nostd
846 4039 1037 4122 appensione
1056 4033 1256 4119 munivimus,
1282 4034 1405 4103 idoneis
1425 4035 1577 4105 adbibitis
1602 4035 1738 4106 testibars
1762 4057 1897 4123 quorum
1921 4057 1979 4106 ao·
2074 4077 2076 4080 >

424 4134 513 4206 atas
533 4141 610 4204 sunt
629 4137 701 4206 bec·
724 4156 828 4207 comes
849 4139 965 4224 lerata,
994 4160 1097 4209 eomes
1118 4139 1222 4222 Sator,
1249 4138 1402 4208 Nicolaus
1427 4139 1574 4207 sacerdos
1601 4139 1641 4208 da
1666 4141 1775 4225 Suus,
1801 4140 1980 4209 willelmus

180 4265 190 4285 ·
324 4303 328 4312 ,
426 4236 467 4307 de
484 4236 621 4308 Buoowe
634 4241 817 4325 capellanus
831 4248 940 4310 noster
940 4243 1144 4328 ‚aponum
1158 4247 1266 4310 noste
1279 4240 1412 4309 hcobus
1425 4247 1460 4308 ct
1473 4241 1529 4308 alii
1548 4260 1645 4329 qnam
1666 4243 1773 4329 plures
1794 4249 1893 4311 testes
1913 4243 1980 4310 ido-

426 4341 488 4411 aaa
531 4341 690 4411 Datum
680 4363 714 4411 m
739 4343 881 4429 predicto
909 4346 1048 4413 clarrstro
1079 4344 1226 4413 videlice
1258 4341 1418 4429 Paradpso
1449 4343 1690 4413 moliamini
1719 4343 1980 4427 mosomii,

425 4461 510 4512 nono
530 4443 693 4516 Kdendas
712 4446 796 4530 Iulii,
815 4447 991 4516 lndictione
1011 4466 1104 4516 nom

527 4649 718 4738 Paradysus,
740 4657 892 4735 Psaros.
936 4653 1111 4737 Rauennate,
1132 4653 1200 4719 dail
1220 4674 1240 4716 s
1259 4654 1429 4719 mecca
1450 4656 1665 4736 Ramsrsdors.
1694 4653 1801 4739 suns,
1825 4658 1980 4722 &miss

374 4751 573 4841 hocve,
594 4775 614 4820 s
633 4761 721 4822 alm
743 4759 881 4824 Mau.
1984 4807 1986 4810 Α
