4574 6240
480 263 551 341 182

465 464 619 550 nequiter
639 464 819 548 abutantur,
841 464 1021 533 fraudantes
1042 467 1128 550 ipsas
1149 465 1285 534 (lecimus
1306 473 1339 534 ct
1360 486 1421 535 non
1445 468 1566 551 integre
1587 465 1816 550 persolventes:
1840 463 2020 555 statuimus,

474 573 512 636 ut
532 567 649 651 siquis
669 567 760 636 miles
781 569 933 654 probatus
953 568 1051 637 fuerit
1070 568 1210 636 fraudem
1233 570 1266 636 in
1288 570 1347 636 boc
1368 571 1478 639 fecisse
1512 576 1545 636 et
1565 588 1626 635 non
1647 571 1770 650 integre
1783 567 1935 634 decimum
1950 587 2019 652 per·

384 659 389 669 “
474 669 620 753 solverit,
657 669 751 739 cadat
769 671 811 738 ab
833 672 892 741 boc
910 673 978 739 iure
998 672 1083 756 quod
1104 671 1256 739 militibus
1276 679 1327 739 cst
1346 674 1546 757 permissum,
1582 678 1616 738 et
1643 671 1745 738 solvet
1765 669 1916 737 decimam
1937 672 2021 738 sicut

475 771 524 840 llll
543 773 601 859 qui
620 773 818 860 privilegium
839 775 955 843 milicie
976 794 1039 843 uon
1060 773 1186 843 babent.

577 891 677 976 Item,
714 912 787 962 curu
804 899 917 962 contra
936 893 1105 962 violatores
1125 894 1326 962 eeclesiarum
1347 896 1397 962 vel
1419 894 1645 963 cimiteriomm
1667 912 1747 977 pene
1768 893 1834 960 sint
1854 911 1874 959 a
1895 894 2021 973 meoni-

474 993 534 1064 bus
554 994 740 1079 constitute,
760 1001 794 1064 et
814 996 1086 1082 peccatisnostris
1107 997 1303 1080 exigentibus
1326 999 1358 1064 in
1379 998 1437 1066 bec
1452 1004 1594 1082 tempora
1608 996 1789 1063 devenimus
1810 995 1928 1079 quoda
1954 1015 2021 1062 mu·

475 1097 623 1184 gnatibus
644 1103 734 1166 terre
749 1117 808 1168 nee
828 1099 925 1167 timor
945 1098 1013 1166 Deo
1035 1118 1092 1168 nec
1112 1098 1213 1165 bonor
1231 1099 1371 1168 eeclesiis
1391 1100 1581 1184 inpenditur,
1619 1098 1822 1183 precipimus,
1844 1104 1881 1165 ut
1904 1099 2021 1164 bilibus

475 1200 532 1287 qui
553 1200 700 1268 ecclesias
721 1218 778 1268 seu
798 1200 952 1269 cimiteria
969 1200 1220 1284 effraeeionibus,
1243 1202 1376 1286 rapinis,
1398 1219 1455 1268 seu
1476 1201 1547 1267 aliis
1568 1201 1730 1268 violenciis
1753 1199 1887 1280 violant,
1908 1198 2022 1284 dyoce-

422 1383 426 1392 ,
475 1303 546 1372 saul
566 1302 703 1390 episcopi
724 1304 905 1372 nullomodo
927 1310 1068 1390 pareant,
1091 1305 1146 1372 sed
1167 1305 1247 1372 tales
1268 1306 1537 1372 excommunicent
1558 1309 1592 1370 et
1605 1302 1889 1371 excommunicatos
1902 1302 2022 1370 denun-

477 1404 563 1474 cient
580 1405 623 1472 ad
644 1404 893 1474 satisfaccionem
914 1407 1116 1492 condignam,
1151 1413 1186 1475 et
1206 1408 1354 1492 precipue
1375 1407 1531 1491 principes
1553 1406 1710 1473 exereitus
1731 1423 1788 1489 per
1809 1422 1901 1488 quem
1922 1405 2025 1472 fracta

477 1505 611 1590 fuerint3
632 1513 667 1575 et
683 1508 713 1575 si
730 1508 907 1595 principum
930 1510 973 1578 ibi
993 1510 1098 1577 nullus
1119 1510 1328 1594 personaliter
1348 1509 1458 1592 fuerit,
1477 1515 1554 1576 tunc
1575 1527 1658 1593 pena
1671 1507 1886 1592 promulgetur
1905 1508 2024 1592 specia-

475 1608 551 1678 liter
570 1609 604 1677 iu
624 1609 697 1677 illos
717 1611 775 1696 qui
796 1613 985 1697 principales
1002 1614 1035 1680 in
1056 1613 1198 1681 exercitu
1217 1612 1351 1694 fuerint;
1374 1632 1432 1680 nec
1452 1611 1652 1699 aliquomodo
1673 1611 1759 1679 elota
1779 1610 1813 1677 in
1831 1627 1884 1678 eos
1898 1616 2024 1677 senten·

476 1711 526 1781 cia
542 1713 875 1782 excommunicacionis
896 1714 1064 1797 relaxetur,
1098 1715 1197 1783 donec
1216 1715 1256 1782 de
1276 1715 1421 1799 dampnis
1448 1720 1482 1781 et
1502 1714 1542 1782 de
1562 1713 1679 1780 iniuria
1699 1711 1797 1779 fuerit
1816 1712 2022 1780 satisfactum.

475 1813 624 1884 Preterea
644 1815 851 1900 precipimus,
887 1822 925 1884 ut
956 1818 1012 1902 qui
1042 1817 1204 1885 eeclesiam
1234 1816 1284 1884 vel
1305 1817 1494 1884 cimiterium
1515 1816 1694 1896 violaverit,
1730 1815 1781 1883 vel
1802 1815 1857 1900 qui
1874 1813 1972 1882 fuerit
1985 1815 2025 1883 de

476 1917 748 2003 principalioribus
766 1919 852 1986 illius
873 1919 1029 1987 eremitas
1048 1920 1104 2005 qui
1124 1919 1183 1988 bec
1201 1919 1409 2000 commiserit,
1443 1937 1525 2004 pena
1542 1919 1694 2003 puniatur
1722 1917 1822 1985 donec
1842 1935 1900 2003 per
1920 1918 2023 2002 ipsum

409 2103 413 2111 .
475 2016 517 2088 de
536 2019 621 2088 omni
640 2020 757 2090 iniuria
776 2027 886 2091 sancte
906 2021 1046 2090 Ecclesia
1067 2020 1164 2090 fuerit
1181 2017 1394 2090 satisfactum:
1429 2027 1464 2090 et
1496 2021 1626 2090 ecclesie
1646 2038 1754 2088 omnes
1776 2021 1810 2086 in
1831 2020 1944 2105 quibus
1966 2019 2023 2087 ba·

474 2118 611 2191 buerunt
622 2122 672 2190 ius
685 2129 883 2208 patronatus,
901 2124 968 2191 sint
981 2142 1141 2210 suspense,
1163 2143 1220 2194 nec
1240 2125 1274 2192 in
1295 2126 1352 2208 eis,
1373 2125 1406 2192 iu
1426 2143 1613 2210 quacunque
1626 2124 1751 2209 dyocesi
1766 2122 1894 2206 fuerint,
1915 2124 2022 2192 diviua

475 2224 579 2294 officia
598 2225 804 2295 celebrentur.
826 2228 1033 2296 Vastaeioues
1047 2235 1082 2296 et
1094 2227 1337 2325 depredaciones
1350 2227 1481 2297 ecclesie
1494 2233 1625 2313 propter
1644 2245 1863 2312 quemcunque
1877 2245 2024 2311 guerram

475 2326 545 2396 flexi
559 2328 775 2414 probibemus3
797 2335 921 2398 etcum
942 2330 1049 2416 alique
1067 2350 1125 2418 per
1145 2334 1286 2418 rapinum
1307 2330 1427 2400 fuerint
1447 2331 1591 2416 spoliate,
1613 2330 1758 2416 princeps
1771 2330 1928 2399 exmcitus
1943 2335 2024 2398 tam·

475 2427 531 2497 diu
544 2430 578 2497 ln
591 2431 912 2522 excommunicacioue
933 2437 1089 2518 teneatur,
1111 2434 1211 2503 donec
1230 2435 1271 2503 de
1290 2433 1436 2503 omnibus
1454 2433 1599 2518 danpuis
1619 2431 1795 2500 satisfaciat
1809 2439 2022 2518 conpetenter.

578 2566 663 2638 itm
684 2569 865 2653 statuimus,
888 2570 974 2657 quod
995 2569 1116 2655 siquis
1137 2589 1177 2639 ex
1196 2570 1390 2655 principibus
1410 2570 1460 2638 rel
1481 2568 1596 2654 aliquis
1617 2569 1657 2637 de
1678 2569 1877 2654 magnatibus
1891 2577 1925 2637 et
1938 2575 2024 2638 cete·

475 2671 522 2742 rls
542 2671 790 2759 qmbuscunque,
823 2674 999 2743 iuramento
1017 2671 1111 2758 facto,
1129 2675 1265 2743 maxime
1285 2675 1318 2740 in
1339 2673 1502 2759 presencia
1520 2672 1655 2740 alicuius
1669 2672 1816 2757 episcopi,
1832 2673 2024 2740 eontrarium

478 2791 537 2844 suo
556 2775 734 2844 iuramento
753 2776 874 2859 fecerit,
896 2777 1060 2862 episcopus
1081 2793 1157 2844 suos
1175 2776 1367 2861 dyocesanus
1389 2794 1493 2844 eoram
1509 2793 1573 2861 quo
1594 2775 1763 2859 prestitum
1783 2781 1834 2843 est
1847 2788 2026 2844 sacramen*
2076 2784 2079 2789 ’

474 2881 560 2962 bam,
595 2878 756 2964 periurum
778 2878 1026 2948 excommunicet
1045 2884 1080 2946 et
1094 2877 1223 2946 ,mmdiu
1242 2876 1339 2946 faciat
1359 2879 1486 2960 evitari,
1519 2877 1618 2945 donec
1639 2876 1828 2959 satisfaciat,
1865 2877 1915 2946 rel
1938 2876 2025 2946 sufli-
2116 2909 2122 2945 r

476 2980 611 3049 cientem
631 2999 758 3050 musam
779 2999 885 3050 eoram
906 2981 1051 3068 episcopo
1078 2981 1186 3049 eode-
1207 2981 1415 3066 assignaverit
1431 2987 1466 3048 et
1486 2979 1666 3065 probaverit
1685 2999 1783 3065 quare
1803 2977 1878 3048 fecit
1897 2980 1932 3048 iu
1952 2999 2026 3049 con·

475 3082 626 3151 uarium
644 3090 679 3151 et
695 3082 792 3152 sillle
805 3084 970 3170 episcopus
989 3102 1094 3152 coram
1108 3102 1171 3169 quo
1191 3083 1403 3151 iuramentum
1421 3081 1520 3150 fuerit
1539 3081 1669 3165 matum,
1691 3083 1832 3167 (causam
1847 3081 1940 3158 ⁸illam
1961 3102 2025 3151 non

474 3185 708 3272 acceptaverit)
726 3191 760 3254 et
781 3186 809 3253 si
826 3205 890 3254 non
911 3186 1110 3270 satisfecerit,
1144 3205 1220 3254 suus
1237 3186 1431 3271 dyocesanus
1448 3184 1567 3254 mium
1588 3186 1654 3254 tale
1675 3186 1844 3254 denunciet
1865 3185 1950 3255 illius
1971 3206 2023 3255 or·

418 3325 421 3332 ·
474 3286 613 3373 diusmo,
644 3293 679 3356 et
698 3288 753 3358 ille
774 3291 1022 3359 excommunicet
1043 3310 1115 3358 eum
1136 3289 1306 3359 secundum
1324 3288 1497 3374 predictam
1517 3287 1660 3357 formam.
1705 3288 1750 3356 Et
1772 3289 1800 3355 si
1821 3288 1886 3356 dux
1906 3289 2021 3374 aliquis

473 3389 533 3460 tall
552 3392 679 3477 periuro
700 3392 829 3478 aliquod
850 3398 989 3462 castmm
1010 3393 1134 3468 dederit
1154 3398 1188 3459 et
1208 3397 1283 3477 post
1303 3391 1368 3458 tale
1389 3391 1561 3476 periurium
1574 3391 1743 3458 abstulerit
1755 3389 1805 3458 vel
1819 3389 2021 3472 destruxerit,

475 3493 510 3562 iu
525 3494 582 3564 illo
600 3502 705 3565 castm
723 3501 791 3564 toto
813 3497 934 3564 mmdiu
962 3516 1024 3565 non
1053 3495 1251 3564 celebrentur
1275 3493 1378 3562 officia
1397 3493 1521 3574 dirius,
1557 3493 1656 3561 donee
1677 3493 1741 3559 dux
1762 3492 1863 3561 eide·
1886 3499 2025 3563 castnrm

441 3593 447 3598 ’
474 3595 602 3681 reddat,
623 3598 674 3666 vel
694 3599 763 3684 ipse
784 3599 824 3666 de
845 3599 983 3685 periurm
1004 3599 1180 3667 satisfaciat
1200 3598 1284 3665 simu
1303 3597 1406 3665 debet
1603 3594 1608 3605 '

577 3715 660 3786 Item
680 3718 871 3805 precipimus
892 3717 1037 3786 omnibus
1058 3717 1212 3802 religiosis
1233 3717 1446 3801 cuiuscunque
1467 3717 1574 3800 regule
1592 3716 1672 3798 sint,
1694 3716 1778 3800 quod
1798 3716 1915 3786 iudicia
1936 3735 2025 3787 secu·

476 3816 558 3887 terra
591 3818 676 3888 inter
696 3820 853 3906 principes
880 3838 938 3888 seu
967 3820 1052 3887 inter
1072 3819 1151 3887 alios
1172 3818 1268 3887 laicos
1287 3837 1350 3885 non
1368 3823 1565 3904 pertractent
1585 3819 1797 3887 discurrentes
1818 3819 1859 3887 de
1879 3819 2026 3888 claustris

476 3920 553 4004 suis,
588 3920 652 3989 nisi
672 3923 717 3990 sit
733 3921 832 3990 abbas
853 3921 902 3989 rel
924 3921 1006 3989 alius
1027 3921 1210 4007 principalis
1231 3920 1373 4005 prelatus
1408 3920 1458 3988 rel
1479 3919 1562 3988 alius
1582 3923 1696 4003 minor,
1718 3921 1773 4005 qui
1791 3920 1888 3989 faeiat
1908 3922 1968 3991 boc
1985 3923 2025 3990 de

474 4029 623 4110 osopo
644 4025 694 4093 sur
715 4025 885 4109 supenora
906 4024 1050 4110 qemi,
1077 4023 1128 4091 vu
1149 4023 1289 4091 utinum
1310 4023 1422 4091 somus
1442 4022 1492 4090 ver
1513 4022 1652 4090 euers
1690 4023 1883 4108 neeprmn
1902 4008 2025 4092 somn
2151 4030 2154 4037 ·

473 4123 534 4194 bus
567 4145 686 4210 eorum,
723 4132 761 4194 ut
781 4126 863 4194 tales
895 4127 928 4192 in
961 4125 1108 4193 claustris
1129 4126 1196 4192 suis
1217 4124 1396 4205 recludant;
1433 4130 1467 4191 et
1499 4125 1527 4191 si
1548 4123 1679 4192 abbates
1701 4126 1734 4192 iu
1753 4126 1813 4194 boc
1832 4127 2025 4212 negligentes

473 4225 600 4308 fuerint,
621 4247 680 4297 nos
701 4247 810 4297 eorum
831 4228 1066 4313 negligenciam,
1089 4232 1185 4311 prout
1205 4226 1443 4308 decreverimus,
1466 4225 1641 4315 puniemus.

576 4346 660 4417 item
680 4348 885 4436 precipimus,
904 4347 990 4432 quod
1009 4347 1069 4412 viri
1092 4346 1278 4413 claustrales
1298 4346 1332 4413 io
1354 4344 1549 4412 secularibus
1570 4346 1710 4413 ecclesiis
1731 4349 1940 4432 personaliter
1961 4366 2025 4416 non

342 4507 347 4516 .
474 4450 663 4533 demunt,
685 4469 743 4519 nec
766 4450 875 4535 aliqua
896 4450 940 4517 ibi
963 4454 1189 4517 conversentur
1209 4449 1378 4514 occasione

576 4570 667 4654 Item
688 4589 760 4639 cum
782 4570 954 4638 abeundum
974 4571 1018 4636 sit
1039 4575 1073 4637 et
1093 4570 1236 4653 iniquum
1258 4587 1316 4652 pro
1337 4568 1419 4634 bono
1444 4567 1529 4634 mab
1550 4565 1739 4648 retribuere,
1764 4568 1952 4649 statuimus,
1988 4574 2026 4635 ut

472 4673 650 4760 quicunque
671 4672 818 4754 clericus,
838 4672 973 4739 maxime
995 4672 1197 4740 beneficiatus
1219 4674 1252 4739 in
1274 4673 1382 4756 aliqua
1402 4672 1550 4754 ecclesia,
1570 4677 1683 4738 contra
1705 4672 1853 4740 bonorem
1875 4674 1941 4740 sire
1962 4674 2026 4740 uti·
2047 4699 2050 4704 ·

409 4807 411 4812 ¹
472 4775 597 4846 litatem
618 4775 747 4843 ecclesie
775 4775 824 4842 vel
847 4774 962 4859 prelati
983 4775 1033 4841 sui
1053 4774 1160 4858 aliquo
1180 4776 1309 4842 consilio
1339 4774 1388 4840 vel
1410 4774 1528 4839 auxilio
1549 4773 1690 4840 astiterit
1711 4774 1805 4842 alicui
1823 4793 1956 4859 persone
1976 4793 2025 4842 se·

472 4877 585 4946 calari:
629 4878 704 4963 quio
721 4876 886 4962 indignum
914 4897 949 4946 se
970 4878 1075 4945 reddit
1096 4878 1245 4946 beneficio
1267 4879 1335 4944 eius
1356 4877 1441 4960 quod
1462 4878 1631 4961 inpugnat,
1665 4876 1774 4944 eodem
1791 4878 1941 4947 beneficio
1969 4898 2027 4964 per

472 4978 681 5066 dyocesanum
702 4999 794 5048 suum
816 4982 976 5065 privetur;
1000 4981 1155 5063 similiter,
1178 4983 1205 5046 si
1227 4981 1275 5047 sui
1292 4979 1431 5063 Capituli
1445 4986 1568 5046 secreta
1589 4979 1777 5063 prodiderit:
1801 4981 1885 5064 quod
1907 4981 2025 5049 drotum

468 5082 501 5174 sl
522 5084 698 5168 negaverit,
727 5091 761 5151 et
781 5102 878 5167 super
898 5083 958 5150 boe
981 5083 1151 5151 infamatus
1170 5082 1266 5150 fuerit
1287 5087 1320 5149 et
1341 5088 1524 5166 suspectus,
1547 5084 1698 5164 purgoeio
1720 5083 1749 5148 ei
1770 5101 1827 5166 per
1845 5084 2025 5169 episcopum
2152 5133 2155 5139 -

471 5185 642 5253 secuudum
662 5187 875 5272 quantitatem
897 5185 1024 5253 iufamic
1046 5187 1219 5268 indicatum
1242 5204 1336 5271 quam
1358 5185 1420 5252 nisi
1442 5184 1635 5270 prestiterit,
1656 5203 1737 5267 penu
1751 5184 1893 5268 predicta
1912 5186 2024 5272 punis
