4574 6240
216 39 230 253 ,
327 147 334 158 ,

154 262 226 667 i

1916 362 1988 437 103

497 625 503 637 ,
546 571 661 649 Propo.
690 569 808 633 Archia
828 572 985 648 prioratus
1013 569 1135 632 Ordinis
1156 573 1286 647 equiturn
1307 570 1514 632 Meliteruium.
1544 569 1659 647 (Kopio
1681 590 1708 632 ro
1728 573 1863 650 mzpcic
1877 571 1988 649 pople-

443 689 552 755 myra
581 671 634 735 bez
651 673 789 752 podatis
807 669 933 747 irdcllm
950 676 1047 752 pluro
1069 674 1105 736 Χ
1109 673 1198 738 VIII
1214 677 1333 751 uictu)

545 875 783 945 Universalibus
802 877 835 945 in
859 875 986 946 Christo
1008 878 1151 962 patribus
1177 885 1211 947 et
1232 880 1340 947 amicis
1369 879 1571 962 charissimis,
1596 879 1657 947 Dei
1679 880 1788 966 gmciu
1812 879 1989 948 Gnezncnsi

442 979 676 1066 archiepiscopo
697 985 731 1048 ct
752 980 904 1048 universis
925 981 1130 1067 suffragancis
1148 983 1214 1050 suis
1235 987 1269 1050 ct
1285 983 1428 1050 omnibus
1448 983 1650 1052 ecclesiumm
1664 983 1796 1068 prelatis
1811 983 1843 1050 in
1858 982 1990 1050 Polonia
2090 1020 2093 1026 ·

442 1083 633 1166 constitutis,
654 1083 696 1151 ad
717 1101 796 1169 quos
817 1084 923 1152 littere
943 1090 1103 1169 presentes
1124 1085 1332 1170 pervenerint,
1355 1086 1512 1154 hebertus
1530 1086 1639 1154 eadem
1653 1087 1759 1171 gracia
1773 1085 1989 1153 Olomuceusis

442 1187 607 1276 epiecopus
626 1186 811 1256 salutemet
832 1188 985 1257 sinceram
1006 1190 1040 1256 in
1051 1189 1187 1257 Domino
1208 1189 1404 1258 charitatem.
1434 1190 1605 1272 Noveritis,
1630 1208 1688 1256 uos
1713 1207 1814 1274 nuper
1835 1189 1990 1272 recepisse

441 1288 563 1362 aSede
583 1291 757 1375 apostolica
777 1291 810 1357 in
832 1292 998 1375 mandatis,
1020 1299 1058 1360 ut
1078 1294 1203 1360 racione
1224 1292 1416 1361 collectionis
1438 1293 1628 1360 decimarum
1642 1311 1738 1377 quam
1752 1292 1785 1357 in
1806 1290 1989 1376 episcopatu

440 1396 550 1464 umus
570 1390 743 1460 faciendum
764 1394 908 1461 dominus
928 1394 1016 1479 Papa
1035 1395 1124 1462 nobis
1141 1397 1306 1478 commisit,
1321 1415 1341 1463 a
1355 1395 1507 1463 Dominus
1527 1395 1703 1480 Hospitalis
1722 1394 1823 1462 sancti
1837 1393 1987 1462 Iohannis

442 1494 722 1581 Hierosolymitani
743 1515 823 1582 quas
840 1497 873 1564 in
894 1498 1019 1582 dyocesi
1046 1504 1156 1566 nostra
1178 1499 1296 1566 habent
1323 1499 1420 1566 nichil
1445 1500 1569 1582 exigere
1597 1498 1794 1567 deberemus:
1828 1517 1900 1565 cum
1931 1516 1989 1565 nec

440 1599 484 1670 cit
503 1616 563 1667 uec
583 1597 680 1666 fuerit
693 1598 880 1667 intensionis
900 1600 1000 1684 ipsius
1021 1601 1139 1669 domini
1157 1601 1254 1686 Pape,
1267 1608 1305 1668 ut
1322 1601 1477 1686 aliquida
1497 1601 1650 1670 Domibus
1671 1600 1848 1686 Hospitalis
1870 1599 1986 1686 prelati

441 1702 618 1788 exigeretur
636 1701 686 1768 sel
706 1703 850 1787 exigatm
870 1703 995 1771 racione
1016 1704 1065 1771 vel
1091 1703 1216 1772 nomine
1243 1704 1452 1787 decimarum,
1480 1704 1563 1774 sicut
1592 1705 1773 1790 plenissime
1797 1704 1856 1771 boc
1888 1703 1987 1771 eciam

440 1810 531 1895 patet
551 1824 610 1892 per
630 1805 925 1890 emunitates
945 1807 1063 1875 domini
1089 1806 1174 1892 Pape
1199 1807 1336 1875 directus
1360 1808 1402 1876 ad
1425 1809 1612 1893 megismum
1641 1807 1762 1888 Simon,
1790 1806 1989 1874 collectorem

171 1974 185 1989 .
299 1924 303 1930 '
342 1940 344 1944 ³
440 1908 632 1980 declmcmm
654 1908 688 1976 in
707 1908 840 1978 Polonia
858 1914 893 1978 et
911 1909 944 1978 in
964 1909 1117 1979 Bohemia
1138 1912 1355 1994 constitutum,
1381 1931 1443 1998 que
1463 1911 1505 1980 ab
1525 1909 1660 1979 inimicis
1686 1910 1828 1976 Romane
1848 1908 1989 1976 Ecclesie

439 2015 474 2084 iu
493 2011 608 2081 itinere
627 2017 704 2080 sunt
723 2011 890 2096 confracte,
912 2015 945 2081 in
966 2033 1102 2100 quarum
1122 2020 1214 2100 parte
1231 2034 1293 2100 que
1314 2015 1417 2084 adhuc
1437 2018 1583 2099 superest
1596 2013 1736 2080 eiusdem
1755 2010 1873 2078 domiui
1886 2011 1989 2078 nostri

439 2115 528 2187 tuba
546 2115 713 2203 dependet,
738 2135 915 2203 perquam
939 2118 1083 2187 omnibns
1108 2138 1179 2187 eam
1203 2118 1399 2187 intuentibus
1430 2118 1551 2187 domini
1581 2117 1669 2201 Pape
1697 2115 1835 2182 intencio
1867 2113 1902 2180 iu
1930 2112 1989 2181 bac

439 2223 531 2309 parte
551 2219 671 2306 poterit
686 2237 756 2289 esse
775 2220 960 2299 multae:
974 2240 1070 2307 qoam
1088 2227 1212 2306 partem
1224 2221 1404 2290 litterarum
1417 2222 1621 2302 bullatarum,
1635 2217 1714 2286 dicti
1729 2217 1845 2285 iratres
1858 2220 1990 2300 portant

344 2367 346 2370 -
439 2323 475 2392 a
494 2322 710 2391 amonim
731 2323 965 2392 cementum.
987 2323 1035 2393 ut
1055 2325 1153 2409 sgrmr
1173 2343 1269 2410 super
1288 2325 1451 2411 pamma
1471 2324 1550 2391 sua
1570 2322 1694 2408 premor
1714 2320 1820 2388 enat
1833 2317 1987 2400 nuum,

439 2425 481 2496 td
500 2443 610 2512 lim
630 2424 822 2502 honorabilis
842 2427 1036 2512 preceptoris
1057 2426 1177 2495 Domus
1198 2428 1302 2497 sancti
1319 2427 1469 2497 Iohannis
1488 2428 1523 2494 iu
1541 2423 1673 2494 Polonia
1686 2429 1849 2508 pmentes
1862 2420 1987 2488 litteras

439 2525 803 2702 fflmssidmriim’
824 2528 928 2615 sigillo
949 2535 1059 2599 nostro
1079 2534 1114 2600 et
1135 2528 1276 2616 capitul
1296 2531 1398 2599 nostri
1418 2529 1593 2599 roboratas
1621 2526 1741 2596 Datum
1755 2523 1912 2593 Olomucii
1924 2521 1988 2590 ΧΠ

393 2796 399 2806 ’
541 2833 829 2922 omnemne
853 2841 1036 2907 onmem.

1106 3121 1188 3208 Na·
1217 3118 1315 3209 lle

540 3313 726 3401 Honorius
752 3314 1056 3422 Pp.1111221
1084 3314 1169 3402 ica
1195 3323 1266 3416 21,
1290 3317 1483 3422 Iratam&
1510 3333 1682 3416 interdicit,
1708 3350 1749 3400 ne
1775 3331 1846 3417 quis
1866 3330 1989 3416 legato·
2031 3283 2036 3294 ¹

438 3452 510 3504 ram
530 3432 621 3504 Sedis
641 3437 833 3522 apostolicae
858 3437 892 3505 in
916 3437 1085 3507 monachos
1109 3438 1238 3507 Ordinis
1270 3438 1489 3508 cisterciensis
1521 3434 1861 3516 excommunicationis,
1894 3438 1929 3500 et
1953 3431 1988 3499 in

439 3539 632 3607 monestede
664 3539 834 3608 cotanda·
863 3540 1025 3609 interdicti
1057 3542 1248 3611 seutendam
1275 3542 1344 3610 sine
1372 3540 1501 3629 speciali
1535 3537 1686 3638 mandato
1722 3534 1862 3655 muodo·
1897 3531 1988 3602 Sedis
2063 3577 2068 3588 -

438 3641 739 3836 maiam
760 3751 879 3816 acuo.
899 3754 1080 3816 meast
1103 3754 1302 3817 comam
1322 3753 1497 3832 eman,
1514 3750 1567 3827 soc
1588 3749 1620 3811 s.
1641 3744 1757 3830 (rona
1774 3743 1989 3823 zpermtw

439 3853 566 3934 mota,
582 3870 666 3935 μιν
686 3849 803 3935 lctdrpm
819 3854 893 3935 buia
910 3857 1139 3936 mirewart
1156 3855 1251 3919 bullo:
1271 3850 1432 3921 Honorius
1452 3851 1508 3937 Pp
1530 3847 1606 3935 ΠΙ.)

540 4071 701 4142 Honorlns
736 4074 900 4160 episcopus
930 4092 1040 4143 servus
1063 4094 1226 4144 servomm
1251 4076 1321 4161 Dei,
1347 4077 1472 4146 dilectis
1496 4075 1571 4144 liliis
1595 4072 1704 4143 abbati
1729 4066 1931 4139 cisterciensi
1954 4070 1989 4134 et
2038 4075 2040 4078 ’

436 4175 592 4244 universis
614 4175 818 4244 coabbatibus
840 4178 908 4246 eius
927 4184 961 4247 et
981 4179 1133 4248 iratribus
1155 4180 1344 4248 subeodem
1374 4179 1493 4248 Ordine
1519 4178 1587 4246 Deo
1614 4171 1823 4244 servientibus
1851 4169 1988 4239 sautem

438 4281 472 4345 et
490 4278 698 4364 apostolicam
718 4277 978 4348 benedictionem.
1001 4281 1085 4349 Dum
1107 4282 1235 4350 Ordinis
1249 4284 1347 4351 vestri
1367 4300 1520 4368 geuemsa
1533 4278 1690 4366 plantatio
1711 4276 1812 4343 multe
1825 4272 1988 4356 religiosus

436 4379 666 4450 ethonestatis
687 4379 780 4450 donus
799 4389 833 4451 ct
853 4382 974 4451 fructus
996 4384 1166 4468 protulerit
1187 4384 1286 4453 effuso
1307 4386 1400 4469 longe
1418 4385 1547 4467 latoque
1558 4381 1727 4450 laudabilis
1741 4374 1987 4446 mavusatiouis

436 4481 541 4567 odore,
562 4483 734 4570 apostolice
754 4484 844 4552 Sedis
866 4487 1048 4569 auctoritas,
1064 4488 1269 4555 consideratis
1286 4507 1344 4573 per
1355 4487 1484 4555 Marthe
1504 4484 1748 4554 sollicitudinem
1761 4477 1987 4566 providendum

436 4602 506 4654 esec
526 4585 629 4655 Maris
646 4586 746 4671 quieti
775 4594 813 4654 ut
838 4593 872 4655 et
892 4589 1012 4656 orantis
1033 4589 1135 4657 Mario
1159 4590 1317 4676 suffragiis
1340 4591 1514 4675 satagentis
1538 4588 1667 4656 Martha
1689 4582 1869 4654 sollicitudo
1895 4580 1988 4648 mini-

436 4688 528 4757 stecii
548 4688 688 4758 iuvaret:
711 4709 751 4757 ue
771 4691 904 4759 alicuius
923 4693 1111 4760 temeritatis
1133 4694 1277 4761 incursus
1297 4700 1406 4762 sancte
1431 4692 1677 4761 conversationis
1699 4691 1800 4758 otium
1822 4683 1988 4771 perturba·

435 4796 496 4875 ret,
518 4790 668 4860 Ordinem
690 4793 793 4878 ipsum
813 4800 847 4863 et
866 4796 1038 4881 privilegiis
1058 4802 1091 4863 et
1112 4797 1271 4864 nonnullis
1285 4797 1489 4882 indulgentiis
1504 4797 1648 4882 specialis
1664 4794 1767 4879 gratie
1788 4788 1988 4877 cmiii&

435 4895 580 4963 muniat
635 4895 703 4964 Nos
735 4903 843 4965 autem
871 4899 926 4983 qui
956 4899 1120 4968 salutifera
1144 4901 1307 4968 commoda
1334 4908 1441 4968 vestra
1464 4900 1599 4985 benigno
1625 4897 1733 4966 facore
1758 4893 1987 4979 prosequimur,

437 4997 662 5083 umqulbtaci
682 5005 786 5066 vestra
806 5000 942 5069 libenter
962 5007 1058 5084 prout
1078 5021 1245 5086 possumus
1274 5005 1473 5088 pmvidcmus
1501 5002 1692 5071 auctoritate
1721 4997 1917 5084 presencium
1939 4992 1987 5058 in-

436 5096 590 5182 hibentes,
609 5119 650 5168 ue
671 5101 767 5185 legati
786 5101 877 5170 Sedis
898 5105 1070 5187 apostolico
1090 5105 1159 5173 sine
1180 5106 1308 5188 speciali
1326 5108 1475 5174 mandato
1505 5098 1615 5174 nostro
1645 5105 1679 5171 in
1698 5123 1755 5170 vos
1776 5095 1987 5170 excommuni-

437 5202 569 5270 cationis
586 5202 637 5271 vel
658 5205 880 5289 suspensionis,
901 5212 936 5274 ot
955 5207 988 5274 in
1010 5208 1203 5276 monasteria
1224 5214 1330 5277 vestm
1351 5209 1512 5277 intenlicti
1541 5208 1715 5277 scrnmntias
1737 5211 1848 5274 contra
1865 5222 1904 5272 eu
1925 5220 1987 5286 que

437 5301 527 5373 vobis
552 5304 694 5374 suntab
719 5308 892 5391 apostoliea
923 5307 1004 5378 Sele
1035 5328 1183 5378 concessu
1213 5311 1421 5395 promulgent
1465 5311 1555 5378 Nulli
1581 5331 1655 5395 upa
1676 5310 1804 5378 omnino
1824 5307 1986 5375 bominum
