4574 6240
1932 81 2004 155 180

451 311 534 368 anno
560 284 726 356 millesimo
754 285 968 353 ducentesimo
996 283 1154 352 tricesimo
1181 301 1273 364 nono,
1305 283 1454 369 septimo·
1469 281 1630 350 Kalendas
1658 282 1735 362 lini,
1761 281 1821 349 sub
1845 281 2008 366 presencia

452 392 568 468 domiai
590 387 681 456 Pauli
703 387 927 454 Poannnionsis
949 389 1096 472 episcopi,
1117 388 1262 454 Brdduini
1288 389 1398 456 ‹iocnn
1417 386 1621 466 Gncancnsis,
1645 385 1802 452 Vitaalnui
1821 385 1933 454 decani
1948 384 2008 452 Po·

453 491 639 572 nnaniensis,
662 488 794 556 Cristini
817 490 956 556 custodis
982 490 1187 568 Gnoznonsis,
1221 489 1307 558 Petri
1337 489 1550 559 archidiaconi
1575 487 1808 567 Ponnanionsis,
1838 487 2008 556 Ooraoradi

452 593 617 671 emtellarn
630 592 863 673 Gacaniocnsis,
879 593 1019 676 Ilogumo
1034 595 1198 662 mstcllam
1211 594 1251 661 de
1268 594 1393 662 Wellen
1407 599 1440 660 et
1455 592 1586 660 aliorum
1602 591 1775 659 multorum
1789 589 1928 656 virorum
1942 595 2008 657 min

259 666 267 745 ἶ
334 694 339 705 ’
454 699 606 774 nobilium
627 715 722 781 quam
745 697 971 782 religiosorum.

555 917 692 1001 Lubeas,
714 921 838 1006 ludim,
861 942 879 984 ι
903 924 1067 986 araneola
1090 923 1213 986 muna.
1247 919 1370 986 Aureus
1392 936 1494 1002 mons,
1524 923 1671 1000 dalmas
1688 937 1731 982 aa
1755 919 1894 1005 Szlpzlu.
1922 914 2009 983 Wol-

453 1024 558 1104 tensis,
586 1024 624 1086 de
658 1021 777 1087 Weled.
827 1019 1003 1105 Lubzesko,
1033 1047 1050 1089 z
1081 1028 1168 1088 nien
1201 1024 1361 1100 [rosdorf.
1420 1021 1528 1106 Bytin,
1559 1028 1685 1088 zniem.
1713 1022 1830 1084 Bottia
1875 1017 2009 1101 Wellcn,

466 1124 584 1195 aaut.
665 1173 671 1187 .

1107 1440 1205 1526 ‘ne
1238 1435 1338 1525 aro.
1410 1556 1413 1564 Ι
1511 1441 1515 1448 ·

558 1650 788 1734 modianus
822 1649 920 1734 lolio.
948 1653 1120 1736 momoria
1157 1652 1262 1737 ducis
1298 1653 1431 1755 quoad
1459 1651 1593 1737 dionis
1623 1653 1725 1736 naua
1760 1654 1895 1735 1239
1923 1651 2012 1756 lpr.

457 1776 544 1868 25,
569 1791 599 1852 a
624 1769 666 1871 ις
688 1788 832 1855 annun
850 1789 961 1856 aens
982 1789 1069 1855 3000
1091 1810 1272 1858 maiam
1292 1792 1326 1857 a
1345 1791 1506 1858 arnano
1528 1791 1569 1857 oe
1582 1789 1716 1870 umen
1738 1806 1817 1873 quos
1832 1807 1934 1873 nupt
1947 1804 2013 1855 ma

457 1890 595 1961 amterio
615 1890 655 1957 de
677 1889 796 1976 habiat
818 1891 1001 1973 donaverat,
1031 1891 1211 1961 libertatem
1232 1912 1253 1960 a
1273 1893 1430 1960 solatione
1455 1892 1595 1960 thelonei
1618 1892 1658 1956 lt
1682 1910 1781 1959 annos
1809 1891 2012 1972 duraturam

457 1992 573 2080 quibus
594 1991 720 2076 elapsis,
742 1993 953 2076 medietatem,
973 1995 1056 2061 sicut
1078 1995 1199 2062 incolae
1220 1995 1260 2062 de
1281 1995 1419 2078 Krouno,
1438 1996 1572 2064 solvent

560 2100 702 2177 Macar.
725 2103 840 2178 orppia
864 2099 911 2162 Na
932 2101 1053 2163 macl
1072 2099 1274 2180 jeuaaonycn
1294 2101 1366 2189 diat.
1398 2117 1502 2164 cm.
1525 2102 1537 2162 i
1557 2097 1679 2179 solnm
1701 2101 1928 2178 munieszono
1945 2102 2014 2178 pie·

459 2198 531 2287 apt
555 2201 762 2280 modenana
782 2203 906 2287 napea.
929 2213 1073 2284 (pompa
1091 2211 1168 2276 vap

569 2304 729 2369 aream.
765 2307 886 2385 aaron
910 2307 1017 2370 naas
1036 2307 1129 2372 aaa.
1151 2307 1268 2371 amna
1289 2309 1401 2387 rn-
1413 2308 1472 2372 no
1498 2307 1632 2372 muna.
1653 2308 1684 2372 a.
1706 2308 1755 2371 m.
1778 2306 1896 2371 uana
1916 2304 2014 2371 aaa

562 2541 630 2611 Nos
648 2541 708 2610 Dei
729 2544 837 2627 macie
858 2543 1053 2611 wladizlaus
1074 2543 1174 2612 felicis
1195 2544 1346 2612 memorie
1367 2543 1457 2612 dacis
1477 2543 1638 2628 quondam
1658 2543 1779 2611 Odonis
1799 2542 1895 2627 filias,
1915 2543 2017 2610 ornai-

459 2644 518 2714 bus
538 2643 600 2713 boc
621 2645 774 2731 scriptum
796 2647 985 2731 inspecturis
1003 2646 1141 2715 salutem
1171 2654 1206 2715 et
1234 2665 1359 2714 omnem
1387 2645 1597 2715 dilectionem.
1641 2648 1803 2730 Agnoscat
1828 2645 2043 2738 universitas⁶

460 2752 579 2830 rostra
601 2747 686 2832 quod
707 2747 749 2814 ad
770 2748 897 2816 laudem
918 2748 978 2816 Dei
1000 2755 1034 2817 et
1054 2749 1155 2833 ipsias
1175 2748 1337 2833 genitricis
1359 2754 1511 2833 perpetue
1532 2748 1663 2833 mainis
1680 2747 1793 2830 Mario,
1820 2765 1881 2837 nec
1899 2766 1964 2817 aon
1983 2754 2019 2815 et

464 2849 505 2920 ob
526 2849 663 2918 saluam
683 2851 863 2919 animarum
885 2858 1075 2933 nostrarum,
1097 2852 1209 2936 patris,
1231 2852 1353 2935 matris,
1376 2852 1482 2919 uxoris
1500 2857 1535 2919 et
1551 2851 1692 2919 omnium
1713 2858 1880 2935 pareatum
1893 2855 2020 2919 nasac

462 2970 534 3021 ram
555 2952 746 3021 contulimus
768 2953 945 3023 Coaeeatui
966 2954 1007 3023 de
1028 2954 1143 3035 Labeo,
1172 2954 1328 3038 religiosis
1355 2952 1508 3023 nauibus
1529 2953 1756 3038 050oeer
1778 2952 2020 3022 OrdinisWra·

464 3055 657 3125 mariensis
678 3056 821 3139 diocesis,
844 3060 908 3126 tria
929 3057 1017 3126 milia
1037 3075 1218 3126 mansorum
1241 3059 1274 3124 in
1295 3076 1359 3125 ano
1380 3057 1513 3139 ambita,
1533 3056 1567 3124 ia
1589 3057 1750 3124 territorio
1770 3055 1922 3124 wellensi
1936 3056 2021 3124 circe

463 3155 646 3245 Lapsaesko
666 3166 700 3228 et
721 3159 827 3244 Bytin,
850 3161 963 3231 talium
985 3162 1126 3246 qualium
1148 3168 1225 3228 sunt
1245 3161 1278 3227 ia
1301 3166 1387 3228 terra
1408 3158 1538 3228 Hearid
1559 3158 1694 3227 illustris
1715 3158 1806 3226 ducis
1821 3158 1923 3226 Zlesie
1937 3157 2038 3226 circa

465 3261 607 3330 Auream
629 3268 779 3345 montem,
800 3263 869 3331 irae
890 3263 1087 3332 Teutonioali
1104 3257 1258 3348 perpetuo
1279 3260 1484 3345 possidendos
1506 3280 1578 3328 cum
1598 3261 1685 3329 omni
1703 3261 1855 3343 utilitate,
1875 3259 2023 3329 videlicet
2093 3275 2098 3284 ·

467 3363 563 3449 rgrb,
586 3364 697 3450 prcus,
720 3366 855 3450 pascuis,
876 3367 978 3451 aquis,
997 3366 1139 3446 lacubus,
1162 3364 1349 3446 custoribus,
1368 3363 1849 3450 piscationibuseenationibus,
1871 3369 1905 3431 et
1923 3363 2024 3431 omni·

464 3463 525 3533 bus
546 3465 618 3534 aliis
641 3467 844 3551 proventibus
856 3456 921 3553 'qui
938 3468 1029 3537 nobis
1050 3474 1084 3536 et
1105 3469 1223 3536 nostris
1244 3460 1488 3535 successoribus
1501 3466 1653 3533 deberent
1675 3466 1849 3552 provenire
1894 3463 2021 3534 Consti·

467 3566 588 3637 taimas
609 3567 748 3654 insupn,
770 3571 890 3655 utipsi
912 3570 1036 3655 inipso
1061 3569 1194 3652 ambita,
1223 3568 1370 3637 uidelicet
1391 3570 1489 3639 triam
1517 3568 1639 3636 milium
1665 3586 1857 3650 mansorum,
1884 3573 1951 3636 tres
1976 3567 2023 3634 lo-

467 3675 541 3738 cent
561 3668 701 3738 forenses
724 3671 869 3740 ciuitates
890 3691 961 3740 cum
979 3681 1107 3741 moneta
1128 3671 1267 3758 speciali,
1291 3672 1325 3739 ia
1344 3689 1530 3756 qasnmque
1557 3677 1664 3739 maren
1690 3689 1800 3739 earum
1826 3669 2023 3738 decreverint

464 3770 660 3839 constituere
680 3773 809 3858 pociori,
831 3773 985 3857 habituri,
1008 3770 1106 3842 cuim'
1119 3793 1246 3842 censum
1268 3780 1301 3841 et
1323 3778 1508 3857 proventmn
1534 3774 1590 3858 qai
1612 3792 1652 3841 cx
1675 3774 1745 3858 ipsa
1765 3778 1894 3842 moneta
1913 3789 2025 3857 prove·

465 3873 560 3954 uerit,
581 3892 647 3941 una
669 3892 739 3942 cum
762 3894 857 3944 censu
879 3873 1138 3962 supradictorum¹
1156 3895 1337 3945 mansorum
1359 3876 1478 3944 eisdem
1500 3876 1661 3959 iratribus,
1684 3883 1722 3944 ut
1736 3895 1773 3944 eo
1789 3877 1894 3961 potior
1908 3893 2026 3943 memo-

467 3972 515 4042 ria
535 3977 638 4043 nostri
659 3975 823 4061 habentur,
845 3982 877 4046 in
897 4000 989 4048 evum
1011 3981 1190 4049 habendum
1213 3981 1417 4047 destinamus.
1447 3979 1516 4048 Hec
1538 3979 1656 4047 idcirco
1672 3979 1712 4047 ad
1727 3980 1889 4045 universos
1905 3976 2027 4046 Christi

467 4075 575 4146 fideles
596 4077 831 4164 denunciamus,
855 4101 918 4150 noa
938 4083 1024 4167 quod
1045 4084 1129 4151 absit
1150 4084 1191 4150 ob
1212 4081 1286 4151 inde
1306 4080 1432 4149 laudem
1449 4100 1488 4149 ac
1509 4081 1646 4149 favorem
1666 4081 1828 4148 hominum
1843 4097 2021 4165 queramus,

468 4179 523 4247 sed
541 4180 642 4264 mans
661 4190 790 4267 propter
811 4184 880 4267 noc,
910 4187 1060 4270 quatinus
1089 4185 1266 4253 fiducialius
1290 4183 1436 4251 omnibus
1465 4184 1542 4250 inibi
1568 4185 1671 4253 calere
1696 4203 1734 4253 ac
1762 4182 1941 4250 inhabitare
1974 4201 2028 4251 eo·

471 4279 611 4349 lentibus
632 4284 799 4353 aoeederm
821 4306 932 4355 ausum
954 4293 1131 4373 prosternas
1153 4287 1347 4354 uberiorem:
1377 4286 1470 4368 unde,
1489 4288 1668 4372 quicunque
1697 4286 1879 4354 desiderant
1897 4303 1955 4370 pro
1977 4302 2029 4352 co-

469 4380 571 4451 lendis
604 4390 638 4451 ot
660 4386 872 4456 inhabitandis
898 4390 1088 4475 supradictis
1115 4391 1235 4458 mansis
1264 4396 1382 4457 terram
1410 4396 1551 4459 noemam
1571 4391 1712 4466 introire,
1739 4409 1865 4458 omnem
1891 4388 2030 4457 thelonei

266 4554 273 4605 ἑ
379 4508 381 4512 ’
469 4483 658 4554 solationem
678 4507 735 4572 per
763 4490 927 4560 duodecim
953 4513 1052 4561 annos
1079 4495 1125 4560 cis
1154 4493 1333 4560 relaxamus
1361 4500 1509 4577 rogantes
1537 4501 1571 4562 et
1596 4494 1805 4578 precipientes
1835 4491 2025 4569 castellanis,

470 4584 640 4656 baronibus
660 4596 693 4657 et
715 4593 860 4662 omnibus
883 4595 1095 4677 theloneariis,
1119 4605 1156 4663 ut
1176 4597 1321 4664 omnibus
1343 4604 1461 4664 terram
1483 4604 1624 4665 nostram
1645 4595 1839 4663 intrantibus
1859 4601 1894 4663 et
1912 4613 2028 4661 exerm-

471 4686 568 4772 tibus,
591 4690 728 4775 sigillum
751 4694 875 4764 abbatis
897 4696 1051 4766 Labensis
1071 4699 1321 4781 ostendentibus,
1340 4698 1459 4783 absque
1480 4699 1566 4766 omni
1581 4698 1745 4766 exacdone
1760 4697 1898 4765 thelonei
1910 4701 1945 4765 et
1958 4695 2030 4780 rna·

472 4791 599 4860 samiae
620 4798 705 4862 omni
733 4804 874 4884 ternpore
900 4801 1056 4869 libertatis
1084 4821 1203 4883 eorum,
1230 4802 1270 4870 ab
1296 4821 1380 4869 anno
1408 4802 1555 4870 uidelicet
1581 4802 1636 4868 iilo
1662 4819 1726 4887 quo
1751 4800 1941 4869 accesserint
1972 4817 2030 4884 pro

473 4893 596 4965 eadem
630 4914 703 4983 sepe
735 4900 829 4970 dictis
863 4904 982 4971 mansis
1014 4905 1216 4990 possessuris,
1250 4904 1381 4971 liberam
1415 4904 1599 4972 transeundi
1632 4902 1807 4973 concedant
1835 4901 2029 4970 iacultamm.

472 5007 656 5082 Transactis
682 5027 756 5077 acro
782 5010 873 5077 annis
901 5007 1071 5089 libertatis,
1100 5008 1202 5076 tocius
1229 5007 1376 5087 thelonei,
1403 5013 1500 5092 prout
1526 5004 1711 5077 (lrosteases
1739 5007 1877 5088 solvunt,
1906 5005 2031 5074 solvent
