4574 6240
401 271 472 347 ltu

271 455 279 467 ⁰
396 481 484 538 turcz
515 470 682 557 rrdjkprno,
714 477 851 552 prumien
885 478 1001 552 trrymn
1034 475 1227 552 proslopadle
1249 468 1398 558 eldcrrrlp
1423 492 1441 534 s
1462 474 1581 552 dhrplm
1606 491 1795 552 pronomem.
1839 483 1940 564 pepp„-

396 572 429 642 Β.
452 573 564 641 aniur
577 622 585 642 .
598 624 606 641 .
620 624 649 640 ..
686 573 752 641 ucIs
774 571 920 658 (luparie.
972 573 1089 654 oprdc:
1113 582 1180 654 troo
1195 576 1216 637 d
1229 578 1352 660 watfeld
1362 593 1558 654 poprzeczne
1572 577 1614 639 od
1626 582 1861 655 przyrcieszenr'a
1874 592 1940 655 dnn.

455 681 462 695 ’
504 683 552 742 lec
585 683 621 741 ci
1070 676 1075 683 ’

394 674 458 759 Μ
479 695 688 846 ρῑγὲειαωα.
734 783 897 845 Biblioteka
916 787 1090 860 meatum
1135 780 1315 858 diplomata

498 984 537 1053 In
555 984 680 1052 nomino
698 989 807 1051 sancto
828 990 863 1051 et
880 981 1040 1050 individue
1062 982 1229 1050 Trinitatis
1251 1000 1353 1049 amen.
1381 981 1471 1062 Quod
1483 981 1607 1065 geritur
1627 983 1660 1048 in
1682 987 1832 1070 tempore,
1854 993 1940 1067 simul

395 1104 466 1158 eum
488 1084 615 1156 labente
635 1085 753 1153 labitur
773 1091 914 1169 tompore
936 1087 996 1151 nisi
1018 1086 1135 1152 vivacis
1157 1084 1264 1151 littere
1286 1085 1437 1152 memoria
1455 1085 1677 1167 perlrennetur.
1706 1085 1789 1154 Hinc
1803 1097 1939 1178 estquod

395 1207 453 1274 ego
475 1187 652 1256 KasImirus
675 1187 733 1254 Dei
754 1188 861 1270 macic
880 1185 945 1253 dux
969 1186 1084 1254 Convie
1106 1191 1140 1253 et
1157 1185 1334 1254 laudensis
1354 1194 1466 1253 notum
1484 1186 1565 1254 Iccio
1582 1187 1726 1254 omnibus
1742 1195 1808 1258 tam
1823 1213 1940 1277 prason.

395 1291 482 1359 tibus
499 1309 595 1374 quam
616 1288 742 1370 luturIs,
765 1296 943 1356 oomutasse
967 1307 1017 1354 me
1038 1307 1109 1355 cum
1132 1288 1247 1356 abbate
1273 1289 1312 1356 de
1342 1287 1453 1355 Laude
1482 1288 1622 1357 Iohanne
1643 1295 1677 1358 et
1706 1292 1774 1359 eius
1799 1293 1941 1370 fratribus

389 1392 474 1486 ,duas
492 1392 685 1461 hereditates
707 1410 778 1459 cum
799 1391 945 1459 omnibus
967 1391 1176 1476 pertinentiis,
1197 1391 1343 1459 videlidet
1363 1391 1503 1459 Glovero
1525 1397 1559 1459 et
1581 1391 1769 1461 Wronecino
1790 1414 1851 1481 que
1871 1402 1941 1475 olim

395 1495 598 1567 venatoribus
619 1495 794 1581 spectabat,
816 1513 874 1581 pro
898 1515 962 1562 una
983 1493 1159 1562 hereditate
1181 1495 1392 1579 predictomm
1415 1493 1550 1561 fratrum
1564 1513 1627 1580 que
1640 1495 1757 1563 dicitur
1772 1496 1939 1587 Coscheno;

395 1604 430 1669 et
449 1599 484 1667 iu
504 1599 655 1685 predictis
676 1598 759 1666 vilIIs
779 1599 901 1666 scilicet
922 1597 1060 1665 Glovevo
1082 1603 1116 1664 et
1137 1595 1336 1678 Wronecino,
1358 1616 1483 1664 omnem
1507 1597 1638 1665 eandem
1660 1598 1839 1669 libertatem
1853 1622 1941 1688 quarn

395 1702 430 1770 In
450 1701 522 1770 auis
548 1701 777 1769 hereditatibus
796 1701 926 1769 ecclesie
950 1717 1007 1768 sue
1033 1699 1167 1784 predicti
1188 1699 1303 1767 fratres
1329 1699 1482 1766 hactenus
1511 1699 1699 1783 habuerunt,
1728 1707 1940 1778 concessimus.

394 1804 439 1874 Et
453 1824 494 1874 ne
506 1824 602 1890 super
622 1805 682 1873 hoc
703 1805 868 1889 scrupulum
890 1802 1023 1870 alicuius
1043 1801 1215 1870 dubletatis
1229 1804 1263 1870 in
1277 1809 1439 1888 posterum
1453 1804 1584 1886 orlatur,
1606 1804 1702 1888 sigilli
1715 1809 1816 1873 nostri
1829 1828 1940 1895 appen-

393 1907 483 1976 done
503 1905 728 1976 roboravimus.
772 1907 882 1974 Testes
901 1925 975 1974 vero
996 1906 1090 1972 huius
1111 1903 1188 1973 lacti
1208 1911 1299 1972 sunt:
1322 1905 1442 1972 Bosem
1465 1906 1656 1974 cmtellanus
1674 1907 1714 1974 de
1736 1907 1855 1992 Lauda
1878 1912 1939 1997 Ny.

395 2009 527 2080 misus
548 2009 775 2090 thesaurarius,
797 2008 959 2076 Ger-ardus
981 2008 1207 2089 thesaurarius,
1227 2007 1330 2076 Iaseh
1352 2008 1516 2090 subiudex,
1537 2008 1712 2077 Brezdreve
1730 2012 1941 2099 suprncernu,

395 2111 602 2181 Iancomirus
622 2112 810 2196 subngazon,
837 2110 1018 2195 Nycholaus
1038 2109 1079 2177 de
1100 2109 1233 2194 Yrgore,
1260 2109 1365 2194 Golug
1390 2117 1425 2177 et
1450 2110 1625 2178 PribIzlaus
1649 2112 1782 2192 milites;
1810 2114 1942 2194 Marcus,

399 2212 595 2295 Cuurardus,
617 2212 731 2280 Petms
744 2218 778 2280 et
791 2211 936 2296 Mychael
951 2211 1120 2296 capellani,
1142 2211 1311 2292 Imozlaus,
1334 2211 1501 2294 Iohannes,
1521 2212 1667 2297 Mychael
1681 2216 1829 2298 armigeri
1849 2217 1942 2302 ipsius

342 2344 344 2348 ·
397 2315 502 2398 ducls;
534 2313 691 2384 IIeancus
723 2315 824 2383 maior
857 2313 1047 2396 cellerarius,
1080 2313 1270 2398 Nycholans,
1298 2313 1478 2381 willelmus
1509 2313 1624 2383 batres
1655 2316 1795 2400 predicto
1825 2318 1940 2387 domus.

396 2416 481 2486 Acta
499 2422 576 2485 aunt
596 2415 655 2484 hec
676 2415 710 2483 in
731 2415 895 2503 (lopagnin
915 2433 1000 2485 anuo
1022 2415 1148 2484 Domini
1169 2414 1427 2499 naccum
1447 2413 1514 2484 XV'
1527 2416 1687 2486 Kalendas
1705 2417 1788 2487 Iulii

499 2620 628 2704 coeria,
650 2624 789 2705 Κηίων.
817 2619 1002 2704 laudensis,
1024 2626 1063 2687 de
1082 2624 1156 2710 Lod.
1184 2620 1334 2705 (llorere,
1360 2623 1511 2689 Glonim.
1541 2620 1740 2707 Wronecino,
1769 2626 1940 2712 qubczpn.
2019 2663 2022 2667 —

395 2721 569 2807 euschemo,
592 2723 765 2790 emm.
809 2722 943 2808 Yrgnre,
965 2723 1087 2805 moon.
1133 2722 1306 2811 Gopcguin,
1328 2729 1479 2810 Kopor'rro.

943 3080 946 3087 Ι
1067 3126 1141 3214 Nr.
1175 3121 1276 3214 229.

500 3322 685 3409 maduo
711 3323 790 3407 dux
816 3322 1132 3407 hamda1241
1159 3321 1256 3428 Sept
1283 3326 1353 3420 18,
1378 3322 1422 3406 in
1449 3321 1631 3426 colloquio
1665 3322 1708 3406 In
1732 3323 1942 3425 Pomanus,

396 3444 505 3515 villam
526 3443 710 3513 Oenowsko
729 3443 879 3512 ecclesiae
901 3442 1079 3512 Gnernensi
1100 3442 1231 3512 confert.
1441 3503 1448 3514 ,
1812 3496 1815 3501 ,

397 3549 543 3631 Perpanr
565 3553 682 3630 ornatu
726 3549 775 3613 d'a
796 3549 1136 3627 winescumbe.
1157 3550 1295 3628 nyblalcl.
1313 3553 1535 3628 przprnieszono
1556 3552 1579 3611 ὅ
1597 3552 1739 3636 pleczfct
1783 3552 1863 3613 Μ
1878 3549 1944 3618 29⁰,

397 3653 450 3717 ⁴¹⁴
485 3671 522 3740 aa
539 3655 759 3734 mdlupowate,
780 3654 924 3731 mpehrie
944 3659 1078 3726 retorta·
1097 3649 1164 3713 dab
1189 3653 1202 3713 l
1226 3652 1278 3712 58⁶
1304 3650 1415 3730 millu

506 3755 646 3820 drotum
690 3755 810 3819 melia.
838 3756 970 3834 &pauli
994 3756 1151 3835 Metropol.
1176 3753 1226 3834 11,
1249 3755 1277 3815 7.

500 3958 538 4027 In
558 3956 685 4027 nomiae
705 3957 832 4027 Domini
853 3957 955 4025 nostri
971 3957 1067 4024 lhesn
1093 3956 1214 4024 christi
1242 3974 1344 4024 amen.
1388 3953 1439 4024 Ne
1463 3960 1554 4040 geste
1581 3956 1628 4023 rei
1657 3958 1775 4025 noticia
1795 3972 1940 4041 processu

396 4061 548 4148 temporis
568 4060 610 4128 ab
628 4059 767 4127 humana
795 4065 961 4128 evanmoat
985 4059 1146 4142 memoria,
1172 4065 1300 4127 cautum
1322 4064 1372 4127 est
1390 4077 1411 4126 a
1431 4058 1508 4125 viris
1536 4057 1752 4142 prudentibus,
1775 4065 1849 4126 acta
1869 4057 1942 4141 Iegi-

397 4164 475 4234 tlme
495 4183 553 4250 per
573 4163 684 4248 scripti
707 4163 936 4231 continenciam
957 4164 991 4230 in
1010 4164 1158 4230 noticiam
1181 4163 1355 4230 hansmitti
1377 4168 1585 4246 posterorum.
1617 4161 1686 4230 Nos
1709 4161 1806 4246 igitur
1827 4160 1942 4228 Conm-

395 4264 456 4334 dus
478 4266 537 4333 uei
557 4265 665 4349 mucia
685 4264 749 4331 dux
772 4264 922 4334 CracovIe
943 4266 1097 4333 universis
1118 4264 1318 4349 presentibus
1339 4271 1373 4333 et
1394 4265 1530 4349 posteris
1558 4272 1668 4332 notum
1695 4283 1763 4333 esse
1792 4264 1942 4339 volumus,

395 4368 481 4454 qnod
496 4366 666 4435 Budislnus
687 4366 771 4434 filins
793 4367 974 4436 Straskonis
994 4367 1203 4436 hereditatem
1225 4369 1383 4453 propriam
1405 4369 1471 4435 sire
1490 4368 1597 4434 villam
1612 4367 1795 4436 &monako
1809 4366 1941 4442 nomine,

395 4488 493 4558 prope
513 4469 554 4538 de
574 4468 704 4538 Uneiew
723 4470 828 4551 sitam,
849 4472 883 4538 in
904 4488 1017 4539 manus
1035 4475 1160 4537 nostros
1181 4470 1317 4537 contulit
1337 4469 1472 4538 libenter
1501 4489 1539 4538 ae
1564 4470 1737 4538 liberaliter
1763 4489 1833 4539 cum
1860 4465 1942 4533 omni

395 4591 434 4642 sc
455 4573 526 4640 Iure
547 4571 631 4656 quod
654 4571 714 4639 sihi
736 4571 936 4657 competebat
956 4574 990 4639 in
1012 4572 1130 4654 eadem,
1150 4571 1230 4639 dans
1254 4574 1353 4640 eclam
1375 4571 1465 4641 nobIs
1486 4573 1612 4658 plenum
1638 4578 1836 4657 potestatem,
1863 4570 1940 4634 slent

395 4692 470 4744 vern
490 4673 610 4756 heredi,
632 4674 734 4758 ipsam
755 4694 813 4758 pro
835 4674 915 4741 velle
936 4680 1045 4741 nostm
1067 4675 1240 4758 cuicunque
1261 4674 1446 4741 conferendi
1480 4674 1580 4754 Quam
1603 4675 1748 4743 videlieet
1766 4673 1872 4740 viliam
1887 4685 1942 4734 nos

395 4795 454 4865 pro
474 4777 611 4845 remedio
634 4776 737 4843 aniane
758 4782 866 4844 nostre
892 4796 930 4845 ac
955 4784 1135 4844 nostrorum
1163 4782 1371 4862 posterorum,
1399 4777 1491 4846 besto
1518 4777 1692 4845 hunberto
1718 4783 1752 4844 et
1775 4769 1942 4845 venerabili

394 4879 480 4966 paui
500 4878 626 4948 domino
649 4879 779 4947 Fulconi
802 4878 981 4947 Gneanensi
1003 4880 1235 4964 archiepiscopo
1257 4879 1387 4964 eiusque
1408 4881 1639 4949 successoribus
1666 4881 1853 4949 contulimus
1876 4877 1941 4941 iure

395 4981 585 5052 hereditado
608 4982 736 5068 pacifice
755 5001 793 5050 nc
815 4984 921 5067 quiete
943 4983 976 5050 in
997 4991 1140 5051 eternum
1163 4983 1392 5068 possidendam.
1422 4983 1541 5051 Datum
1563 4991 1673 5052 contra
1694 4986 1730 5070 (7
1750 4991 1791 5049 dr.
1814 4985 1889 5056 des.)
1903 4976 1942 5041 de

396 5083 562 5154 I’arnuzow
579 5083 673 5152 XIIII
695 5085 854 5153 Kalendas
874 5083 1021 5153 Octobris
1042 5102 1125 5151 anno
1145 5083 1252 5166 gracie
1272 5082 1441 5152 mccxc
1462 5085 1574 5170 primo,
1598 5087 1630 5152 in
1652 5085 1805 5172 colloquio
1820 5085 1853 5149 in
1873 5080 1940 5144 Ioco

395 5185 518 5276 prefato
538 5186 622 5259 inter
639 5205 696 5257 nos
716 5185 751 5255 'et
772 5187 882 5257 ducem
902 5185 1159 5272 suantopellrum
1183 5186 1301 5266 habito,
1331 5187 1529 5272 presentibus
1558 5189 1676 5257 nostris
1703 5188 1785 5292 liliis·
1802 5179 1942 5253 boleslao
