<?xml version="1.0" encoding="UTF-8"?>
<!DOCTYPE html PUBLIC "-//W3C//DTD XHTML 1.0 Transitional//EN"
    "http://www.w3.org/TR/xhtml1/DTD/xhtml1-transitional.dtd">
<html xmlns="http://www.w3.org/1999/xhtml" xml:lang="en" lang="en">
 <head>
  <title>
</title>
<meta http-equiv="Content-Type" content="text/html;charset=utf-8" />
  <meta name='ocr-system' content='tesseract 3.04.00' />
  <meta name='ocr-capabilities' content='ocr_page ocr_carea ocr_par ocr_line ocrx_word'/>
</head>
<body>
  <div class='ocr_page' id='page_1' title='image "./codexdiplomatic00zakrgoog_0397.png"; bbox 0 0 4574 6240; ppageno 0'>
   <div class='ocr_carea' id='block_1_1' title="bbox 1868 342 1936 417">
    <p class='ocr_par' dir='ltr' id='par_1_1' title="bbox 1868 342 1936 417">
     <span class='ocr_line' id='line_1_1' title="bbox 1868 342 1936 417; baseline 0 -1"><span class='ocrx_word' id='word_1_1' title='bbox 1868 342 1936 417; x_wconf 82' lang='lat' dir='ltr'><strong>itt</strong></span> 
     </span>
    </p>
   </div>
   <div class='ocr_carea' id='block_1_2' title="bbox 389 539 1939 727">
    <p class='ocr_par' dir='ltr' id='par_1_2' title="bbox 389 539 1939 727">
     <span class='ocr_line' id='line_1_2' title="bbox 390 539 1939 630; baseline -0.001 -18"><span class='ocrx_word' id='word_1_2' title='bbox 390 540 540 612; x_wconf 87' lang='lat' dir='ltr'><strong>territorii</strong></span> <span class='ocrx_word' id='word_1_3' title='bbox 554 541 744 609; x_wconf 75' lang='lat' dir='ltr'><strong>mommerlo</strong></span> <span class='ocrx_word' id='word_1_4' title='bbox 759 545 933 609; x_wconf 80' lang='lat' dir='ltr'><strong>memorato</strong></span> <span class='ocrx_word' id='word_1_5' title='bbox 947 559 1093 630; x_wconf 77' lang='lat' dir='ltr'><strong>concesse</strong></span> <span class='ocrx_word' id='word_1_6' title='bbox 1110 540 1261 608; x_wconf 77' lang='lat' dir='ltr'>donamus</span> <span class='ocrx_word' id='word_1_7' title='bbox 1277 547 1311 610; x_wconf 91' lang='lat' dir='ltr'><strong>et</strong></span> <span class='ocrx_word' id='word_1_8' title='bbox 1325 548 1479 627; x_wconf 83' lang='lat' dir='ltr'><strong>perpetuo</strong></span> <span class='ocrx_word' id='word_1_9' title='bbox 1493 539 1706 618; x_wconf 79' lang='lat' dir='ltr'><strong>conceiimus3</strong></span> <span class='ocrx_word' id='word_1_10' title='bbox 1721 540 1939 610; x_wconf 70' lang='lat' dir='ltr'><strong>continuantes</strong></span> 
     </span>
     <span class='ocr_line' id='line_1_3' title="bbox 389 642 1938 727; baseline -0.001 -13"><span class='ocrx_word' id='word_1_11' title='bbox 389 643 608 715; x_wconf 71' lang='lat' dir='ltr'><strong>nichilominus</strong></span> <span class='ocrx_word' id='word_1_12' title='bbox 628 642 830 711; x_wconf 89' lang='lat' dir='ltr'><strong>donntionem</strong></span> <span class='ocrx_word' id='word_1_13' title='bbox 852 644 951 727; x_wconf 77' lang='lat' dir='ltr'><strong>ipsius</strong></span> <span class='ocrx_word' id='word_1_14' title='bbox 971 644 1059 724; x_wconf 84' lang='lat' dir='ltr'><strong>iuris,</strong></span> <span class='ocrx_word' id='word_1_15' title='bbox 1090 662 1185 727; x_wconf 84' lang='lat' dir='ltr'><strong>quum</strong></span> <span class='ocrx_word' id='word_1_16' title='bbox 1207 644 1288 712; x_wconf 79' lang='lat' dir='ltr'><strong>botre</strong></span> <span class='ocrx_word' id='word_1_17' title='bbox 1309 645 1458 712; x_wconf 89' lang='lat' dir='ltr'><strong>memorio</strong></span> <span class='ocrx_word' id='word_1_18' title='bbox 1481 643 1938 713; x_wconf 64' lang='lat' dir='ltr'><strong>undecentesimum</strong></span> 
     </span>
    </p>
   </div>
   <div class='ocr_carea' id='block_1_3' title="bbox 168 732 1940 833">
    <p class='ocr_par' dir='ltr' id='par_1_3' title="bbox 168 732 1940 833">
     <span class='ocr_line' id='line_1_4' title="bbox 168 732 1940 833; baseline 0 -17"><span class='ocrx_word' id='word_1_19' title='bbox 168 732 175 747; x_wconf 80' lang='grc'>’</span> <span class='ocrx_word' id='word_1_20' title='bbox 257 756 263 767; x_wconf 94' lang='grc'><strong><em>’</em></strong></span> <span class='ocrx_word' id='word_1_21' title='bbox 391 747 538 833; x_wconf 84' lang='lat' dir='ltr'><strong>Cepituio</strong></span> <span class='ocrx_word' id='word_1_22' title='bbox 558 763 616 812; x_wconf 83' lang='lat' dir='ltr'><strong>suo</strong></span> <span class='ocrx_word' id='word_1_23' title='bbox 637 746 738 813; x_wconf 90' lang='lat' dir='ltr'><strong>eidem</strong></span> <span class='ocrx_word' id='word_1_24' title='bbox 760 748 950 814; x_wconf 86' lang='lat' dir='ltr'><strong>monnstcm&#39;o</strong></span> <span class='ocrx_word' id='word_1_25' title='bbox 977 747 1110 813; x_wconf 87' lang='lat' dir='ltr'><strong>duxernt</strong></span> <span class='ocrx_word' id='word_1_26' title='bbox 1138 745 1322 827; x_wconf 79' lang='lat' dir='ltr'><strong>iaciendum,</strong></span> <span class='ocrx_word' id='word_1_27' title='bbox 1358 754 1453 832; x_wconf 90' lang='lat' dir='ltr'><strong>prout</strong></span> <span class='ocrx_word' id='word_1_28' title='bbox 1484 747 1516 812; x_wconf 89' lang='lat' dir='ltr'><strong>in</strong></span> <span class='ocrx_word' id='word_1_29' title='bbox 1548 745 1666 813; x_wconf 80' lang='lat' dir='ltr'><strong>litteris</strong></span> <span class='ocrx_word' id='word_1_30' title='bbox 1689 746 1754 811; x_wconf 79' lang='lat' dir='ltr'><strong>suis</strong></span> <span class='ocrx_word' id='word_1_31' title='bbox 1779 753 1814 814; x_wconf 94' lang='lat' dir='ltr'><strong>et</strong></span> <span class='ocrx_word' id='word_1_32' title='bbox 1843 747 1940 833; x_wconf 89' lang='lat' dir='ltr'><strong>ipsius</strong></span> 
     </span>
    </p>
   </div>
   <div class='ocr_carea' id='block_1_4' title="bbox 390 845 1941 1329">
    <p class='ocr_par' dir='ltr' id='par_1_4' title="bbox 390 845 1941 1329">
     <span class='ocr_line' id='line_1_5' title="bbox 390 845 1940 934; baseline -0.002 -16"><span class='ocrx_word' id='word_1_33' title='bbox 390 848 530 934; x_wconf 77' lang='lat' dir='ltr'><strong>Capituli</strong></span> <span class='ocrx_word' id='word_1_34' title='bbox 551 848 684 915; x_wconf 82' lang='lat' dir='ltr'><strong>riclimns</strong></span> <span class='ocrx_word' id='word_1_35' title='bbox 702 848 866 915; x_wconf 85' lang='lat' dir='ltr'><strong>contineri.</strong></span> <span class='ocrx_word' id='word_1_36' title='bbox 912 845 1049 914; x_wconf 82' lang='lat' dir='ltr'><strong>Termini</strong></span> <span class='ocrx_word' id='word_1_37' title='bbox 1070 855 1177 916; x_wconf 68' lang='lat' dir='ltr'><strong>numm</strong></span> <span class='ocrx_word' id='word_1_38' title='bbox 1199 849 1379 916; x_wconf 79' lang='lat' dir='ltr'><strong>donationis</strong></span> <span class='ocrx_word' id='word_1_39' title='bbox 1402 848 1535 933; x_wconf 84' lang='lat' dir='ltr'><strong>predicti</strong></span> <span class='ocrx_word' id='word_1_40' title='bbox 1557 847 1647 915; x_wconf 78' lang='lat' dir='ltr'><strong>ducis</strong></span> <span class='ocrx_word' id='word_1_41' title='bbox 1669 848 1713 914; x_wconf 89' lang='lat' dir='ltr'><strong>hii</strong></span> <span class='ocrx_word' id='word_1_42' title='bbox 1735 853 1823 915; x_wconf 90' lang='lat' dir='ltr'><strong>sunt:</strong></span> <span class='ocrx_word' id='word_1_43' title='bbox 1856 849 1940 916; x_wconf 83' lang='lat' dir='ltr'><strong>vide·</strong></span> 
     </span>
     <span class='ocr_line' id='line_1_6' title="bbox 390 949 1940 1035; baseline -0.001 -14"><span class='ocrx_word' id='word_1_44' title='bbox 390 954 465 1021; x_wconf 88' lang='lat' dir='ltr'><strong>lieet</strong></span> <span class='ocrx_word' id='word_1_45' title='bbox 486 971 506 1018; x_wconf 84' lang='lat' dir='ltr'><strong>e</strong></span> <span class='ocrx_word' id='word_1_46' title='bbox 526 951 655 1019; x_wconf 90' lang='lat' dir='ltr'><strong>meridie</strong></span> <span class='ocrx_word' id='word_1_47' title='bbox 677 951 816 1026; x_wconf 80' lang='lat' dir='ltr'><strong>cunoni,</strong></span> <span class='ocrx_word' id='word_1_48' title='bbox 844 951 885 1017; x_wconf 84' lang='lat' dir='ltr'><strong>ab</strong></span> <span class='ocrx_word' id='word_1_49' title='bbox 911 949 1057 1034; x_wconf 82' lang='lat' dir='ltr'><strong>nqnilono</strong></span> <span class='ocrx_word' id='word_1_50' title='bbox 1080 951 1306 1031; x_wconf 81' lang='lat' dir='ltr'><strong>Bruchovnizn‚</strong></span> <span class='ocrx_word' id='word_1_51' title='bbox 1333 950 1374 1018; x_wconf 84' lang='lat' dir='ltr'><strong>eb</strong></span> <span class='ocrx_word' id='word_1_52' title='bbox 1392 952 1513 1019; x_wconf 86' lang='lat' dir='ltr'><strong>oriente</strong></span> <span class='ocrx_word' id='word_1_53' title='bbox 1535 951 1586 1017; x_wconf 83' lang='lat' dir='ltr'><strong>rie</strong></span> <span class='ocrx_word' id='word_1_54' title='bbox 1607 968 1669 1035; x_wconf 83' lang='lat' dir='ltr'><strong>qne</strong></span> <span class='ocrx_word' id='word_1_55' title='bbox 1692 951 1777 1019; x_wconf 83' lang='lat' dir='ltr'><strong>redit</strong></span> <span class='ocrx_word' id='word_1_56' title='bbox 1798 949 1838 1018; x_wconf 93' lang='lat' dir='ltr'><strong>de</strong></span> <span class='ocrx_word' id='word_1_57' title='bbox 1858 950 1940 1020; x_wconf 83' lang='lat' dir='ltr'><strong>The·</strong></span> 
     </span>
     <span class='ocr_line' id='line_1_7' title="bbox 390 1051 1940 1138; baseline -0.001 -16"><span class='ocrx_word' id='word_1_58' title='bbox 390 1056 465 1122; x_wconf 90' lang='lat' dir='ltr'><strong>nino</strong></span> <span class='ocrx_word' id='word_1_59' title='bbox 486 1055 636 1138; x_wconf 85' lang='lat' dir='ltr'><strong>usquein</strong></span> <span class='ocrx_word' id='word_1_60' title='bbox 660 1053 807 1133; x_wconf 84' lang='lat' dir='ltr'><strong>Cnmeuu,</strong></span> <span class='ocrx_word' id='word_1_61' title='bbox 829 1052 870 1119; x_wconf 91' lang='lat' dir='ltr'><strong>ub</strong></span> <span class='ocrx_word' id='word_1_62' title='bbox 893 1051 1053 1120; x_wconf 89' lang='lat' dir='ltr'><strong>occidente</strong></span> <span class='ocrx_word' id='word_1_63' title='bbox 1079 1056 1131 1121; x_wconf 82' lang='lat' dir='ltr'><strong>vis</strong></span> <span class='ocrx_word' id='word_1_64' title='bbox 1158 1071 1273 1136; x_wconf 86' lang='lat' dir='ltr'><strong>mngou</strong></span> <span class='ocrx_word' id='word_1_65' title='bbox 1298 1072 1360 1136; x_wconf 90' lang='lat' dir='ltr'><strong>qne</strong></span> <span class='ocrx_word' id='word_1_66' title='bbox 1392 1054 1479 1120; x_wconf 83' lang='lat' dir='ltr'><strong>rmlit</strong></span> <span class='ocrx_word' id='word_1_67' title='bbox 1506 1054 1538 1120; x_wconf 88' lang='lat' dir='ltr'><strong>in</strong></span> <span class='ocrx_word' id='word_1_68' title='bbox 1562 1052 1690 1121; x_wconf 84' lang='lat' dir='ltr'><strong>Zlovno.</strong></span> <span class='ocrx_word' id='word_1_69' title='bbox 1725 1053 1762 1119; x_wconf 90' lang='lat' dir='ltr'><strong>In</strong></span> <span class='ocrx_word' id='word_1_70' title='bbox 1784 1053 1873 1120; x_wconf 89' lang='lat' dir='ltr'><strong>cuius</strong></span> <span class='ocrx_word' id='word_1_71' title='bbox 1894 1053 1940 1120; x_wconf 92' lang='lat' dir='ltr'><strong>rei</strong></span> 
     </span>
     <span class='ocr_line' id='line_1_8' title="bbox 391 1154 1941 1240; baseline -0.003 -15"><span class='ocrx_word' id='word_1_72' title='bbox 391 1154 605 1225; x_wconf 87' lang='lat' dir='ltr'><strong>testimoninm</strong></span> <span class='ocrx_word' id='word_1_73' title='bbox 627 1161 788 1240; x_wconf 72' lang='lat' dir='ltr'><strong>presentes</strong></span> <span class='ocrx_word' id='word_1_74' title='bbox 808 1154 934 1222; x_wconf 76' lang='lat' dir='ltr'><strong>litteras</strong></span> <span class='ocrx_word' id='word_1_75' title='bbox 955 1157 1108 1225; x_wconf 87' lang='lat' dir='ltr'><strong>conscribi</strong></span> <span class='ocrx_word' id='word_1_76' title='bbox 1132 1162 1165 1224; x_wconf 90' lang='lat' dir='ltr'><strong>et</strong></span> <span class='ocrx_word' id='word_1_77' title='bbox 1187 1156 1289 1222; x_wconf 87' lang='lat' dir='ltr'><strong>nostri</strong></span> <span class='ocrx_word' id='word_1_78' title='bbox 1311 1155 1452 1238; x_wconf 79' lang='lat' dir='ltr'><strong>Capituli</strong></span> <span class='ocrx_word' id='word_1_79' title='bbox 1473 1156 1668 1223; x_wconf 85' lang='lat' dir='ltr'><strong>Gnerunnsis</strong></span> <span class='ocrx_word' id='word_1_80' title='bbox 1686 1154 1859 1239; x_wconf 89' lang='lat' dir='ltr'><strong>sigillorum</strong></span> <span class='ocrx_word' id='word_1_81' title='bbox 1873 1174 1941 1222; x_wconf 92' lang='lat' dir='ltr'><strong>mu·</strong></span> 
     </span>
     <span class='ocr_line' id='line_1_9' title="bbox 391 1249 1838 1329; baseline -0.003 0"><span class='ocrx_word' id='word_1_82' title='bbox 391 1262 510 1329; x_wconf 87' lang='lat' dir='ltr'><strong>nimine</strong></span> <span class='ocrx_word' id='word_1_83' title='bbox 531 1249 659 1327; x_wconf 81' lang='lat' dir='ltr'><strong>fecimus</strong></span> <span class='ocrx_word' id='word_1_84' title='bbox 681 1259 834 1328; x_wconf 80' lang='lat' dir='ltr'><strong>roborari.</strong></span> <span class='ocrx_word' id='word_1_85' title='bbox 879 1262 993 1325; x_wconf 83' lang='lat' dir='ltr'><strong>lictum</strong></span> <span class='ocrx_word' id='word_1_86' title='bbox 1014 1277 1096 1325; x_wconf 83' lang='lat' dir='ltr'><strong>anuo</strong></span> <span class='ocrx_word' id='word_1_87' title='bbox 1119 1258 1159 1326; x_wconf 86' lang='lat' dir='ltr'><strong>nb</strong></span> <span class='ocrx_word' id='word_1_88' title='bbox 1183 1257 1404 1324; x_wconf 77' lang='lat' dir='ltr'><strong>iucemutione</strong></span> <span class='ocrx_word' id='word_1_89' title='bbox 1426 1257 1553 1325; x_wconf 87' lang='lat' dir='ltr'><strong>Domini</strong></span> <span class='ocrx_word' id='word_1_90' title='bbox 1580 1255 1838 1325; x_wconf 68' lang='lat' dir='ltr'><strong>incessitur</strong></span> 
     </span>
    </p>
   </div>
   <div class='ocr_carea' id='block_1_5' title="bbox 391 1392 1971 1714">
    <p class='ocr_par' dir='ltr' id='par_1_5' title="bbox 391 1392 1971 1714">
     <span class='ocr_line' id='line_1_10' title="bbox 495 1392 1971 1516; baseline -0.001 -19"><span class='ocrx_word' id='word_1_91' title='bbox 495 1429 629 1510; x_wconf 83' lang='lat' dir='ltr'><strong>Lubens,</strong></span> <span class='ocrx_word' id='word_1_92' title='bbox 651 1432 773 1516; x_wconf 68' lang='lat' dir='ltr'><strong>luitpr,</strong></span> <span class='ocrx_word' id='word_1_93' title='bbox 797 1434 997 1495; x_wconf 75' lang='lat' dir='ltr'><strong>ziriemiecda</strong></span> <span class='ocrx_word' id='word_1_94' title='bbox 1021 1433 1144 1495; x_wconf 70' lang='lat' dir='ltr'><strong>tudem</strong></span> <span class='ocrx_word' id='word_1_95' title='bbox 1182 1427 1294 1510; x_wconf 76' lang='lat' dir='ltr'><strong>Nelei,</strong></span> <span class='ocrx_word' id='word_1_96' title='bbox 1316 1431 1422 1493; x_wconf 73' lang='lat' dir='ltr'><strong>dotto.</strong></span> <span class='ocrx_word' id='word_1_97' title='bbox 1457 1426 1597 1510; x_wconf 79' lang='lat' dir='ltr'><strong>crunni,</strong></span> <span class='ocrx_word' id='word_1_98' title='bbox 1626 1427 1771 1494; x_wconf 78' lang='lat' dir='ltr'><strong>Kunonm</strong></span> <span class='ocrx_word' id='word_1_99' title='bbox 1802 1392 1971 1495; x_wconf 50' lang='lat' dir='ltr'><strong>liniche-⁹</strong></span> 
     </span>
     <span class='ocr_line' id='line_1_11' title="bbox 391 1529 1941 1632; baseline -0.003 -31"><span class='ocrx_word' id='word_1_100' title='bbox 391 1533 492 1615; x_wconf 74' lang='lat' dir='ltr'><strong>voire,</strong></span> <span class='ocrx_word' id='word_1_101' title='bbox 516 1542 619 1597; x_wconf 80' lang='lat' dir='ltr'><strong>sinon.</strong></span> <span class='ocrx_word' id='word_1_102' title='bbox 649 1534 820 1611; x_wconf 74' lang='lat' dir='ltr'><strong>diomedea,</strong></span> <span class='ocrx_word' id='word_1_103' title='bbox 856 1544 889 1595; x_wconf 83' lang='lat' dir='ltr'><strong>tu</strong></span> <span class='ocrx_word' id='word_1_104' title='bbox 917 1551 1066 1612; x_wconf 66' lang='lat' dir='ltr'><strong>numano</strong></span> <span class='ocrx_word' id='word_1_105' title='bbox 1090 1535 1131 1596; x_wconf 84' lang='lat' dir='ltr'><strong>od</strong></span> <span class='ocrx_word' id='word_1_106' title='bbox 1159 1537 1212 1594; x_wconf 78' lang='lat' dir='ltr'><strong>rori</strong></span> <span class='ocrx_word' id='word_1_107' title='bbox 1242 1535 1349 1595; x_wconf 79' lang='lat' dir='ltr'><strong>Prosit</strong></span> <span class='ocrx_word' id='word_1_108' title='bbox 1384 1529 1537 1632; x_wconf 65' lang='lat' dir='ltr'><strong>Titinius,</strong></span> <span class='ocrx_word' id='word_1_109' title='bbox 1566 1535 1672 1598; x_wconf 76' lang='lat' dir='ltr'><strong>Tenios.</strong></span> <span class='ocrx_word' id='word_1_110' title='bbox 1708 1529 1856 1612; x_wconf 73' lang='lat' dir='ltr'><strong>canem</strong></span> <span class='ocrx_word' id='word_1_111' title='bbox 1879 1536 1941 1596; x_wconf 78' lang='lat' dir='ltr'><strong>lia·</strong></span> 
     </span>
     <span class='ocr_line' id='line_1_12' title="bbox 393 1632 1528 1714; baseline -0.003 -13"><span class='ocrx_word' id='word_1_112' title='bbox 393 1635 478 1700; x_wconf 66' lang='lat' dir='ltr'><strong>mint</strong></span> <span class='ocrx_word' id='word_1_113' title='bbox 502 1632 629 1714; x_wconf 81' lang='lat' dir='ltr'><strong>znmo,</strong></span> <span class='ocrx_word' id='word_1_114' title='bbox 652 1638 862 1714; x_wconf 75' lang='lat' dir='ltr'><strong>staminum,</strong></span> <span class='ocrx_word' id='word_1_115' title='bbox 882 1637 931 1698; x_wconf 79' lang='lat' dir='ltr'><strong>iret</strong></span> <span class='ocrx_word' id='word_1_116' title='bbox 953 1633 1000 1698; x_wconf 75' lang='lat' dir='ltr'><strong>tet</strong></span> <span class='ocrx_word' id='word_1_117' title='bbox 1024 1637 1158 1707; x_wconf 70' lang='lat' dir='ltr'><strong>stanno,</strong></span> <span class='ocrx_word' id='word_1_118' title='bbox 1180 1638 1285 1696; x_wconf 83' lang='lat' dir='ltr'><strong>mineio</strong></span> <span class='ocrx_word' id='word_1_119' title='bbox 1306 1653 1349 1696; x_wconf 80' lang='lat' dir='ltr'><strong>no</strong></span> <span class='ocrx_word' id='word_1_120' title='bbox 1371 1637 1528 1698; x_wconf 83' lang='lat' dir='ltr'><strong>Pomorzu.</strong></span> 
     </span>
    </p>
   </div>
   <div class='ocr_carea' id='block_1_6' title="bbox 1062 1905 1269 2000">
    <p class='ocr_par' dir='ltr' id='par_1_6' title="bbox 1062 1905 1269 2000">
     <span class='ocr_line' id='line_1_13' title="bbox 1062 1905 1269 2000; baseline 0 0"><span class='ocrx_word' id='word_1_121' title='bbox 1062 1913 1136 2000; x_wconf 61' lang='grc' dir='ltr'><strong>Νι.</strong></span> <span class='ocrx_word' id='word_1_122' title='bbox 1172 1905 1269 2000; x_wconf 80' lang='grc'><strong>157.</strong></span> 
     </span>
    </p>
   </div>
   <div class='ocr_carea' id='block_1_7' title="bbox 496 2108 1942 2215">
    <p class='ocr_par' dir='ltr' id='par_1_7' title="bbox 496 2108 1942 2215">
     <span class='ocr_line' id='line_1_14' title="bbox 496 2108 1942 2215; baseline 0.002 -22"><span class='ocrx_word' id='word_1_123' title='bbox 496 2109 726 2193; x_wconf 69' lang='lat' dir='ltr'><strong>medinm</strong></span> <span class='ocrx_word' id='word_1_124' title='bbox 753 2110 832 2192; x_wconf 85' lang='lat' dir='ltr'><strong>dux</strong></span> <span class='ocrx_word' id='word_1_125' title='bbox 856 2108 1007 2192; x_wconf 89' lang='lat' dir='ltr'><strong>Polonie</strong></span> <span class='ocrx_word' id='word_1_126' title='bbox 1034 2110 1141 2193; x_wconf 88' lang='lat' dir='ltr'><strong>ducis</strong></span> <span class='ocrx_word' id='word_1_127' title='bbox 1168 2111 1352 2211; x_wconf 84' lang='lat' dir='ltr'><strong>quondum</strong></span> <span class='ocrx_word' id='word_1_128' title='bbox 1380 2108 1513 2193; x_wconf 85' lang='lat' dir='ltr'><strong>ildonis</strong></span> <span class='ocrx_word' id='word_1_129' title='bbox 1540 2109 1646 2192; x_wconf 90' lang='lat' dir='ltr'><strong>iliius</strong></span> <span class='ocrx_word' id='word_1_130' title='bbox 1673 2133 1701 2193; x_wconf 87' lang='lat' dir='ltr'><strong>s</strong></span> <span class='ocrx_word' id='word_1_131' title='bbox 1728 2130 1761 2194; x_wconf 82' lang='lat' dir='ltr'><strong>u</strong></span> <span class='ocrx_word' id='word_1_132' title='bbox 1784 2111 1875 2195; x_wconf 85' lang='lat' dir='ltr'><strong>det</strong></span> <span class='ocrx_word' id='word_1_133' title='bbox 1900 2111 1942 2215; x_wconf 79' lang='lat' dir='ltr'><strong>t3</strong></span> 
     </span>
    </p>
   </div>
   <div class='ocr_carea' id='block_1_8' title="bbox 393 2226 1945 2724">
    <p class='ocr_par' dir='ltr' id='par_1_8' title="bbox 393 2226 1945 2724">
     <span class='ocr_line' id='line_1_15' title="bbox 393 2226 1943 2314; baseline 0.001 -16"><span class='ocrx_word' id='word_1_134' title='bbox 393 2229 524 2298; x_wconf 78' lang='lat' dir='ltr'><strong>mont</strong></span> <span class='ocrx_word' id='word_1_135' title='bbox 544 2226 739 2309; x_wconf 76' lang='lat' dir='ltr'><strong>officialibus,</strong></span> <span class='ocrx_word' id='word_1_136' title='bbox 771 2227 813 2296; x_wconf 87' lang='lat' dir='ltr'><strong>eb</strong></span> <span class='ocrx_word' id='word_1_137' title='bbox 834 2229 944 2296; x_wconf 90' lang='lat' dir='ltr'><strong>incolis</strong></span> <span class='ocrx_word' id='word_1_138' title='bbox 965 2228 1083 2298; x_wconf 78' lang='lat' dir='ltr'><strong>deserti</strong></span> <span class='ocrx_word' id='word_1_139' title='bbox 1106 2247 1202 2314; x_wconf 88' lang='lat' dir='ltr'><strong>prope</strong></span> <span class='ocrx_word' id='word_1_140' title='bbox 1223 2229 1330 2299; x_wconf 83' lang='lat' dir='ltr'><strong>Neklo</strong></span> <span class='ocrx_word' id='word_1_141' title='bbox 1351 2231 1417 2311; x_wconf 77' lang='lat' dir='ltr'><strong>siti.</strong></span> <span class='ocrx_word' id='word_1_142' title='bbox 1446 2249 1467 2297; x_wconf 84' lang='lat' dir='ltr'><strong>e</strong></span> <span class='ocrx_word' id='word_1_143' title='bbox 1496 2247 1530 2297; x_wconf 92' lang='lat' dir='ltr'><strong>se</strong></span> <span class='ocrx_word' id='word_1_144' title='bbox 1558 2248 1661 2314; x_wconf 81' lang='lat' dir='ltr'><strong>nuper</strong></span> <span class='ocrx_word' id='word_1_145' title='bbox 1688 2232 1879 2300; x_wconf 72' lang='lat' dir='ltr'><strong>monasterio</strong></span> <span class='ocrx_word' id='word_1_146' title='bbox 1903 2231 1943 2300; x_wconf 91' lang='lat' dir='ltr'><strong>de</strong></span> 
     </span>
     <span class='ocr_line' id='line_1_16' title="bbox 393 2330 1944 2419; baseline 0.001 -18"><span class='ocrx_word' id='word_1_147' title='bbox 393 2332 514 2419; x_wconf 66' lang='lat' dir='ltr'><strong>Leuior</strong></span> <span class='ocrx_word' id='word_1_148' title='bbox 532 2331 649 2415; x_wconf 77' lang='lat' dir='ltr'><strong>coleti,</strong></span> <span class='ocrx_word' id='word_1_149' title='bbox 671 2333 699 2398; x_wconf 91' lang='lat' dir='ltr'><strong>si</strong></span> <span class='ocrx_word' id='word_1_150' title='bbox 714 2331 853 2416; x_wconf 86' lang='lat' dir='ltr'><strong>sigilium</strong></span> <span class='ocrx_word' id='word_1_151' title='bbox 872 2330 996 2398; x_wconf 82' lang='lat' dir='ltr'><strong>nbbetis</strong></span> <span class='ocrx_word' id='word_1_152' title='bbox 1012 2330 1167 2400; x_wconf 83' lang='lat' dir='ltr'><strong>Lubensis</strong></span> <span class='ocrx_word' id='word_1_153' title='bbox 1179 2333 1358 2413; x_wconf 79' lang='lat' dir='ltr'><strong>ostendent,</strong></span> <span class='ocrx_word' id='word_1_154' title='bbox 1374 2332 1555 2400; x_wconf 87' lang='lat' dir='ltr'><strong>theloneum</strong></span> <span class='ocrx_word' id='word_1_155' title='bbox 1569 2332 1747 2418; x_wconf 88' lang='lat' dir='ltr'><strong>perdecem</strong></span> <span class='ocrx_word' id='word_1_156' title='bbox 1760 2352 1861 2403; x_wconf 86' lang='lat' dir='ltr'><strong>nnnos</strong></span> <span class='ocrx_word' id='word_1_157' title='bbox 1881 2353 1944 2402; x_wconf 92' lang='lat' dir='ltr'><strong>non</strong></span> 
     </span>
     <span class='ocr_line' id='line_1_17' title="bbox 394 2434 1945 2620; baseline 0.004 -19"><span class='ocrx_word' id='word_1_158' title='bbox 394 2434 642 2604; x_wconf 39' lang='lat' dir='ltr'><strong>motuattrectem.</strong></span> <span class='ocrx_word' id='word_1_159' title='bbox 677 2541 795 2618; x_wconf 66' lang='lat' dir='ltr'><strong>mint.</strong></span> <span class='ocrx_word' id='word_1_160' title='bbox 820 2540 926 2603; x_wconf 73' lang='lat' dir='ltr'><strong>Sinus</strong></span> <span class='ocrx_word' id='word_1_161' title='bbox 947 2542 1066 2605; x_wconf 66' lang='lat' dir='ltr'><strong>Arcto.</strong></span> <span class='ocrx_word' id='word_1_162' title='bbox 1098 2541 1224 2615; x_wconf 67' lang='lat' dir='ltr'><strong>adro,</strong></span> <span class='ocrx_word' id='word_1_163' title='bbox 1248 2544 1392 2607; x_wconf 70' lang='lat' dir='ltr'><strong>mures</strong></span> <span class='ocrx_word' id='word_1_164' title='bbox 1418 2541 1600 2620; x_wconf 63' lang='lat' dir='ltr'><strong>repende</strong></span> <span class='ocrx_word' id='word_1_165' title='bbox 1622 2542 1657 2604; x_wconf 75' lang='grc'><strong>0.</strong></span> <span class='ocrx_word' id='word_1_166' title='bbox 1681 2541 1752 2606; x_wconf 78' lang='grc'><strong>203.</strong></span> <span class='ocrx_word' id='word_1_167' title='bbox 1776 2542 1839 2608; x_wconf 82' lang='lat' dir='ltr'><strong>re.</strong></span> <span class='ocrx_word' id='word_1_168' title='bbox 1859 2547 1945 2607; x_wconf 71' lang='lat' dir='ltr'><strong>erit·</strong></span> 
     </span>
     <span class='ocr_line' id='line_1_18' title="bbox 395 2636 1194 2724; baseline -0.004 -18"><span class='ocrx_word' id='word_1_169' title='bbox 395 2661 482 2724; x_wconf 66' lang='lat' dir='ltr'><strong>qen,</strong></span> <span class='ocrx_word' id='word_1_170' title='bbox 500 2644 555 2721; x_wconf 79' lang='lat' dir='ltr'><strong>soc</strong></span> <span class='ocrx_word' id='word_1_171' title='bbox 577 2643 644 2705; x_wconf 71' lang='lat' dir='ltr'><strong>srv-</strong></span> <span class='ocrx_word' id='word_1_172' title='bbox 681 2641 833 2721; x_wconf 71' lang='lat' dir='ltr'><strong>momen</strong></span> <span class='ocrx_word' id='word_1_173' title='bbox 863 2636 1069 2714; x_wconf 65' lang='lat' dir='ltr'><strong>edomare,</strong></span> <span class='ocrx_word' id='word_1_174' title='bbox 1085 2660 1120 2721; x_wconf 72' lang='grc' dir='ltr'><strong>ρ.</strong></span> <span class='ocrx_word' id='word_1_175' title='bbox 1143 2643 1194 2705; x_wconf 84' lang='lat' dir='ltr'><strong>ro.</strong></span> 
     </span>
    </p>
   </div>
   <div class='ocr_carea' id='block_1_9' title="bbox 498 2807 2068 2897">
    <p class='ocr_par' dir='ltr' id='par_1_9' title="bbox 498 2807 2068 2897">
     <span class='ocr_line' id='line_1_19' title="bbox 498 2807 2068 2897; baseline 0.003 -17"><span class='ocrx_word' id='word_1_176' title='bbox 498 2809 564 2880; x_wconf 79' lang='lat' dir='ltr'><strong>ilos</strong></span> <span class='ocrx_word' id='word_1_177' title='bbox 584 2809 645 2878; x_wconf 87' lang='lat' dir='ltr'><strong>Dei</strong></span> <span class='ocrx_word' id='word_1_178' title='bbox 665 2810 772 2896; x_wconf 80' lang='lat' dir='ltr'><strong>grecie</strong></span> <span class='ocrx_word' id='word_1_179' title='bbox 793 2807 845 2876; x_wconf 84' lang='lat' dir='ltr'><strong>W.</strong></span> <span class='ocrx_word' id='word_1_180' title='bbox 867 2808 932 2876; x_wconf 83' lang='lat' dir='ltr'><strong>dux</strong></span> <span class='ocrx_word' id='word_1_181' title='bbox 952 2809 1082 2878; x_wconf 87' lang='lat' dir='ltr'><strong>Polonie</strong></span> <span class='ocrx_word' id='word_1_182' title='bbox 1110 2807 1210 2878; x_wconf 83' lang='lat' dir='ltr'><strong>felicis</strong></span> <span class='ocrx_word' id='word_1_183' title='bbox 1236 2812 1386 2880; x_wconf 89' lang='lat' dir='ltr'><strong>memorie</strong></span> <span class='ocrx_word' id='word_1_184' title='bbox 1409 2811 1500 2880; x_wconf 88' lang='lat' dir='ltr'><strong>ducis</strong></span> <span class='ocrx_word' id='word_1_185' title='bbox 1527 2812 1687 2897; x_wconf 69' lang='lat' dir='ltr'><strong>qnenmm</strong></span> <span class='ocrx_word' id='word_1_186' title='bbox 1713 2811 1833 2882; x_wconf 80' lang='lat' dir='ltr'><strong>odonis</strong></span> <span class='ocrx_word' id='word_1_187' title='bbox 1861 2813 1945 2884; x_wconf 88' lang='lat' dir='ltr'><strong>iilius</strong></span> <span class='ocrx_word' id='word_1_188' title='bbox 2066 2844 2068 2849; x_wconf 46' lang='lat'><strong>⁴</strong></span> 
     </span>
    </p>
   </div>
   <div class='ocr_carea' id='block_1_10' title="bbox 395 2911 1950 3801">
    <p class='ocr_par' dir='ltr' id='par_1_10' title="bbox 395 2911 1950 3801">
     <span class='ocr_line' id='line_1_20' title="bbox 395 2911 1947 3000; baseline 0 -15"><span class='ocrx_word' id='word_1_189' title='bbox 395 2920 506 2985; x_wconf 86' lang='lat' dir='ltr'><strong>uotum</strong></span> <span class='ocrx_word' id='word_1_190' title='bbox 526 2912 658 2983; x_wconf 79' lang='lat' dir='ltr'><strong>iecimm</strong></span> <span class='ocrx_word' id='word_1_191' title='bbox 679 2911 824 2980; x_wconf 89' lang='lat' dir='ltr'><strong>omnibns</strong></span> <span class='ocrx_word' id='word_1_192' title='bbox 844 2912 925 2980; x_wconf 85' lang='lat' dir='ltr'><strong>hene</strong></span> <span class='ocrx_word' id='word_1_193' title='bbox 944 2911 1086 2981; x_wconf 75' lang='lat' dir='ltr'><strong>litteram</strong></span> <span class='ocrx_word' id='word_1_194' title='bbox 1104 2913 1303 2997; x_wconf 87' lang='lat' dir='ltr'><strong>inspecturis,</strong></span> <span class='ocrx_word' id='word_1_195' title='bbox 1333 2913 1419 3000; x_wconf 82' lang='lat' dir='ltr'><strong>qnod</strong></span> <span class='ocrx_word' id='word_1_196' title='bbox 1447 2914 1489 2982; x_wconf 90' lang='lat' dir='ltr'><strong>ob</strong></span> <span class='ocrx_word' id='word_1_197' title='bbox 1517 2915 1689 2982; x_wconf 89' lang='lat' dir='ltr'><strong>remedium</strong></span> <span class='ocrx_word' id='word_1_198' title='bbox 1714 2916 1818 2984; x_wconf 86' lang='lat' dir='ltr'><strong>enime</strong></span> <span class='ocrx_word' id='word_1_199' title='bbox 1839 2924 1947 2986; x_wconf 66' lang='lat' dir='ltr'><strong>unsre</strong></span> 
     </span>
     <span class='ocr_line' id='line_1_21' title="bbox 395 3013 1946 3103; baseline 0.001 -17"><span class='ocrx_word' id='word_1_200' title='bbox 395 3024 430 3086; x_wconf 85' lang='lat' dir='ltr'><strong>et</strong></span> <span class='ocrx_word' id='word_1_201' title='bbox 449 3015 703 3103; x_wconf 78' lang='lat' dir='ltr'><strong>predecessorum</strong></span> <span class='ocrx_word' id='word_1_202' title='bbox 724 3020 905 3091; x_wconf 85' lang='lat' dir='ltr'><strong>nostrorum</strong></span> <span class='ocrx_word' id='word_1_203' title='bbox 927 3013 1117 3081; x_wconf 87' lang='lat' dir='ltr'><strong>contulimus</strong></span> <span class='ocrx_word' id='word_1_204' title='bbox 1138 3013 1206 3082; x_wconf 85' lang='lat' dir='ltr'><strong>Deo</strong></span> <span class='ocrx_word' id='word_1_205' title='bbox 1227 3021 1261 3083; x_wconf 87' lang='lat' dir='ltr'><strong>et</strong></span> <span class='ocrx_word' id='word_1_206' title='bbox 1282 3015 1375 3083; x_wconf 87' lang='lat' dir='ltr'><strong>bente</strong></span> <span class='ocrx_word' id='word_1_207' title='bbox 1394 3014 1497 3084; x_wconf 80' lang='lat' dir='ltr'><strong>lierie</strong></span> <span class='ocrx_word' id='word_1_208' title='bbox 1518 3016 1633 3100; x_wconf 80' lang='lat' dir='ltr'><strong>virgini</strong></span> <span class='ocrx_word' id='word_1_209' title='bbox 1654 3017 1688 3084; x_wconf 92' lang='lat' dir='ltr'><strong>in</strong></span> <span class='ocrx_word' id='word_1_210' title='bbox 1709 3017 1836 3087; x_wconf 85' lang='lat' dir='ltr'><strong>Lubeus</strong></span> <span class='ocrx_word' id='word_1_211' title='bbox 1854 3018 1946 3087; x_wconf 74' lang='lat' dir='ltr'><strong>Writ-</strong></span> 
     </span>
     <span class='ocr_line' id='line_1_22' title="bbox 396 3114 1948 3207; baseline 0.003 -21"><span class='ocrx_word' id='word_1_212' title='bbox 396 3117 585 3188; x_wconf 81' lang='lat' dir='ltr'><strong>tizinviensis</strong></span> <span class='ocrx_word' id='word_1_213' title='bbox 617 3118 762 3198; x_wconf 85' lang='lat' dir='ltr'><strong>diocesis,</strong></span> <span class='ocrx_word' id='word_1_214' title='bbox 796 3115 1023 3201; x_wconf 77' lang='lat' dir='ltr'><strong>cysterciensis</strong></span> <span class='ocrx_word' id='word_1_215' title='bbox 1058 3114 1195 3200; x_wconf 83' lang='lat' dir='ltr'><strong>Ordinis,</strong></span> <span class='ocrx_word' id='word_1_216' title='bbox 1227 3117 1388 3186; x_wconf 86' lang='lat' dir='ltr'><strong>desertum</strong></span> <span class='ocrx_word' id='word_1_217' title='bbox 1421 3118 1505 3187; x_wconf 75' lang='lat' dir='ltr'><strong>mres</strong></span> <span class='ocrx_word' id='word_1_218' title='bbox 1527 3117 1643 3188; x_wconf 83' lang='lat' dir='ltr'><strong>Nekel</strong></span> <span class='ocrx_word' id='word_1_219' title='bbox 1689 3119 1847 3204; x_wconf 77' lang='lat' dir='ltr'><strong>Ceterum,</strong></span> <span class='ocrx_word' id='word_1_220' title='bbox 1872 3123 1948 3207; x_wconf 82' lang='lat' dir='ltr'><strong>quie</strong></span> 
     </span>
     <span class='ocr_line' id='line_1_23' title="bbox 396 3216 1948 3306; baseline 0.003 -18"><span class='ocrx_word' id='word_1_221' title='bbox 396 3220 539 3306; x_wconf 82' lang='lat' dir='ltr'><strong>cupimus</strong></span> <span class='ocrx_word' id='word_1_222' title='bbox 559 3219 598 3288; x_wconf 88' lang='lat' dir='ltr'><strong>de</strong></span> <span class='ocrx_word' id='word_1_223' title='bbox 620 3219 762 3304; x_wconf 90' lang='lat' dir='ltr'><strong>predicto</strong></span> <span class='ocrx_word' id='word_1_224' title='bbox 783 3217 908 3286; x_wconf 88' lang='lat' dir='ltr'><strong>deserto</strong></span> <span class='ocrx_word' id='word_1_225' title='bbox 934 3216 1072 3286; x_wconf 84' lang='lat' dir='ltr'><strong>imctnm</strong></span> <span class='ocrx_word' id='word_1_226' title='bbox 1097 3218 1235 3303; x_wconf 77' lang='lat' dir='ltr'><strong>aliquem</strong></span> <span class='ocrx_word' id='word_1_227' title='bbox 1262 3218 1423 3288; x_wconf 76' lang='lat' dir='ltr'><strong>Lunenses</strong></span> <span class='ocrx_word' id='word_1_228' title='bbox 1450 3221 1612 3306; x_wconf 75' lang='lat' dir='ltr'><strong>percipere</strong></span> <span class='ocrx_word' id='word_1_229' title='bbox 1637 3222 1812 3306; x_wconf 72' lang='lat' dir='ltr'><strong>enodem,</strong></span> <span class='ocrx_word' id='word_1_230' title='bbox 1845 3231 1884 3291; x_wconf 90' lang='lat' dir='ltr'><strong>nt</strong></span> <span class='ocrx_word' id='word_1_231' title='bbox 1910 3243 1948 3294; x_wconf 92' lang='lat' dir='ltr'><strong>eo</strong></span> 
     </span>
     <span class='ocr_line' id='line_1_24' title="bbox 396 3319 1948 3408; baseline 0.003 -18"><span class='ocrx_word' id='word_1_232' title='bbox 396 3320 544 3390; x_wconf 79' lang='lat' dir='ltr'><strong>liberdlm</strong></span> <span class='ocrx_word' id='word_1_233' title='bbox 565 3321 644 3389; x_wconf 90' lang='lat' dir='ltr'><strong>illud</strong></span> <span class='ocrx_word' id='word_1_234' title='bbox 665 3321 807 3389; x_wconf 77' lang='lat' dir='ltr'><strong>hommes</strong></span> <span class='ocrx_word' id='word_1_235' title='bbox 828 3319 962 3388; x_wconf 71' lang='lat' dir='ltr'><strong>nubent</strong></span> <span class='ocrx_word' id='word_1_236' title='bbox 983 3319 1214 3404; x_wconf 88' lang='lat' dir='ltr'><strong>possidendum,</strong></span> <span class='ocrx_word' id='word_1_237' title='bbox 1237 3339 1384 3406; x_wconf 79' lang='lat' dir='ltr'><strong>rogemus</strong></span> <span class='ocrx_word' id='word_1_238' title='bbox 1403 3329 1437 3390; x_wconf 91' lang='lat' dir='ltr'><strong>et</strong></span> <span class='ocrx_word' id='word_1_239' title='bbox 1459 3324 1648 3407; x_wconf 86' lang='lat' dir='ltr'><strong>precipimus</strong></span> <span class='ocrx_word' id='word_1_240' title='bbox 1670 3325 1865 3408; x_wconf 74' lang='lat' dir='ltr'><strong>castellanis,</strong></span> <span class='ocrx_word' id='word_1_241' title='bbox 1892 3326 1948 3396; x_wconf 82' lang='lat' dir='ltr'><strong>be·</strong></span> 
     </span>
     <span class='ocr_line' id='line_1_25' title="bbox 396 3421 1947 3512; baseline 0.002 -19"><span class='ocrx_word' id='word_1_242' title='bbox 396 3424 525 3493; x_wconf 84' lang='lat' dir='ltr'><strong>renibus</strong></span> <span class='ocrx_word' id='word_1_243' title='bbox 545 3431 578 3492; x_wconf 90' lang='lat' dir='ltr'><strong>et</strong></span> <span class='ocrx_word' id='word_1_244' title='bbox 600 3423 804 3491; x_wconf 82' lang='lat' dir='ltr'><strong>theloneerds</strong></span> <span class='ocrx_word' id='word_1_245' title='bbox 823 3422 966 3490; x_wconf 87' lang='lat' dir='ltr'><strong>omnibus</strong></span> <span class='ocrx_word' id='word_1_246' title='bbox 987 3421 1070 3490; x_wconf 84' lang='lat' dir='ltr'><strong>hene</strong></span> <span class='ocrx_word' id='word_1_247' title='bbox 1083 3424 1231 3508; x_wconf 75' lang='lat' dir='ltr'><strong>peginam</strong></span> <span class='ocrx_word' id='word_1_248' title='bbox 1245 3424 1446 3510; x_wconf 73' lang='lat' dir='ltr'><strong>inspecturis</strong></span> <span class='ocrx_word' id='word_1_249' title='bbox 1466 3431 1504 3491; x_wconf 92' lang='lat' dir='ltr'><strong>nt</strong></span> <span class='ocrx_word' id='word_1_250' title='bbox 1517 3444 1626 3493; x_wconf 84' lang='lat' dir='ltr'><strong>omnes</strong></span> <span class='ocrx_word' id='word_1_251' title='bbox 1640 3427 1778 3512; x_wconf 89' lang='lat' dir='ltr'><strong>sigillum</strong></span> <span class='ocrx_word' id='word_1_252' title='bbox 1793 3427 1947 3496; x_wconf 83' lang='lat' dir='ltr'><strong>Lubensis</strong></span> 
     </span>
     <span class='ocr_line' id='line_1_26' title="bbox 397 3525 1949 3612; baseline 0.001 -14"><span class='ocrx_word' id='word_1_253' title='bbox 397 3527 522 3598; x_wconf 77' lang='lat' dir='ltr'><strong>etheus</strong></span> <span class='ocrx_word' id='word_1_254' title='bbox 542 3529 753 3607; x_wconf 85' lang='lat' dir='ltr'><strong>ostendentes,</strong></span> <span class='ocrx_word' id='word_1_255' title='bbox 776 3527 844 3592; x_wconf 89' lang='lat' dir='ltr'><strong>sine</strong></span> <span class='ocrx_word' id='word_1_256' title='bbox 865 3527 950 3592; x_wconf 92' lang='lat' dir='ltr'><strong>omni</strong></span> <span class='ocrx_word' id='word_1_257' title='bbox 972 3526 1136 3593; x_wconf 83' lang='lat' dir='ltr'><strong>erectione</strong></span> <span class='ocrx_word' id='word_1_258' title='bbox 1159 3525 1297 3593; x_wconf 88' lang='lat' dir='ltr'><strong>thelonei</strong></span> <span class='ocrx_word' id='word_1_259' title='bbox 1317 3534 1351 3593; x_wconf 88' lang='lat' dir='ltr'><strong>et</strong></span> <span class='ocrx_word' id='word_1_260' title='bbox 1365 3527 1486 3610; x_wconf 81' lang='lat' dir='ltr'><strong>ubsque</strong></span> <span class='ocrx_word' id='word_1_261' title='bbox 1499 3529 1585 3594; x_wconf 88' lang='lat' dir='ltr'><strong>omni</strong></span> <span class='ocrx_word' id='word_1_262' title='bbox 1599 3531 1780 3612; x_wconf 81' lang='lat' dir='ltr'><strong>grurnmiue</strong></span> <span class='ocrx_word' id='word_1_263' title='bbox 1793 3531 1949 3598; x_wconf 70' lang='lat' dir='ltr'><strong>immutes</strong></span> 
     </span>
     <span class='ocr_line' id='line_1_27' title="bbox 397 3626 1950 3716; baseline 0.002 -17"><span class='ocrx_word' id='word_1_264' title='bbox 397 3637 516 3699; x_wconf 80' lang='lat' dir='ltr'><strong>terrem</strong></span> <span class='ocrx_word' id='word_1_265' title='bbox 537 3635 749 3709; x_wconf 75' lang='lat' dir='ltr'><strong>sternentes,</strong></span> <span class='ocrx_word' id='word_1_266' title='bbox 772 3629 885 3696; x_wconf 82' lang='lat' dir='ltr'><strong>sinetis</strong></span> <span class='ocrx_word' id='word_1_267' title='bbox 906 3626 1022 3695; x_wconf 89' lang='lat' dir='ltr'><strong>liberos</strong></span> <span class='ocrx_word' id='word_1_268' title='bbox 1043 3628 1236 3712; x_wconf 71' lang='lat' dir='ltr'><strong>peremne</strong></span> <span class='ocrx_word' id='word_1_269' title='bbox 1257 3629 1342 3696; x_wconf 90' lang='lat' dir='ltr'><strong>omni</strong></span> <span class='ocrx_word' id='word_1_270' title='bbox 1364 3630 1498 3715; x_wconf 83' lang='lat' dir='ltr'><strong>tempori</strong></span> <span class='ocrx_word' id='word_1_271' title='bbox 1520 3630 1680 3700; x_wconf 71' lang='lat' dir='ltr'><strong>triennes</strong></span> <span class='ocrx_word' id='word_1_272' title='bbox 1702 3650 1820 3716; x_wconf 85' lang='lat' dir='ltr'><strong>eornm,</strong></span> <span class='ocrx_word' id='word_1_273' title='bbox 1846 3632 1880 3700; x_wconf 88' lang='lat' dir='ltr'><strong>id</strong></span> <span class='ocrx_word' id='word_1_274' title='bbox 1900 3639 1950 3701; x_wconf 87' lang='lat' dir='ltr'><strong>est</strong></span> 
     </span>
     <span class='ocr_line' id='line_1_28' title="bbox 397 3728 1211 3801; baseline -0.006 0"><span class='ocrx_word' id='word_1_275' title='bbox 397 3733 489 3800; x_wconf 79' lang='lat' dir='ltr'><strong>snnis</strong></span> <span class='ocrx_word' id='word_1_276' title='bbox 509 3731 616 3801; x_wconf 86' lang='lat' dir='ltr'><strong>decem</strong></span> <span class='ocrx_word' id='word_1_277' title='bbox 636 3729 679 3798; x_wconf 83' lang='lat' dir='ltr'><strong>nb</strong></span> <span class='ocrx_word' id='word_1_278' title='bbox 699 3749 782 3799; x_wconf 82' lang='lat' dir='ltr'><strong>nuno</strong></span> <span class='ocrx_word' id='word_1_279' title='bbox 804 3730 932 3799; x_wconf 86' lang='lat' dir='ltr'><strong>Domini</strong></span> <span class='ocrx_word' id='word_1_280' title='bbox 951 3728 1211 3797; x_wconf 59' lang='lat' dir='ltr'><strong>dccxxxiii.</strong></span> 
     </span>
    </p>
   </div>
   <div class='ocr_carea' id='block_1_11' title="bbox 501 3898 1433 3988">
    <p class='ocr_par' dir='ltr' id='par_1_11' title="bbox 501 3898 1433 3988">
     <span class='ocr_line' id='line_1_29' title="bbox 501 3898 1433 3988; baseline -0.001 -17"><span class='ocrx_word' id='word_1_281' title='bbox 501 3900 637 3983; x_wconf 75' lang='lat' dir='ltr'><strong>mrem,</strong></span> <span class='ocrx_word' id='word_1_282' title='bbox 659 3904 783 3988; x_wconf 67' lang='lat' dir='ltr'><strong>repe,</strong></span> <span class='ocrx_word' id='word_1_283' title='bbox 805 3923 824 3965; x_wconf 77' lang='grc' dir='ltr'><em>ι</em></span> <span class='ocrx_word' id='word_1_284' title='bbox 846 3904 1011 3967; x_wconf 63' lang='lat' dir='ltr'><strong>montem</strong></span> <span class='ocrx_word' id='word_1_285' title='bbox 1036 3903 1161 3967; x_wconf 65' lang='lat' dir='ltr'><strong>smne.</strong></span> <span class='ocrx_word' id='word_1_286' title='bbox 1188 3898 1303 3985; x_wconf 72' lang='lat' dir='ltr'><strong>seret</strong></span> <span class='ocrx_word' id='word_1_287' title='bbox 1325 3905 1433 3970; x_wconf 76' lang='lat' dir='ltr'><strong>rare.</strong></span> 
     </span>
    </p>
   </div>
   <div class='ocr_carea' id='block_1_12' title="bbox 1067 4099 1274 4249">
    <p class='ocr_par' dir='ltr' id='par_1_12' title="bbox 1067 4099 1274 4249">
     <span class='ocr_line' id='line_1_30' title="bbox 1067 4099 1274 4249; baseline 0.01 -2"><span class='ocrx_word' id='word_1_288' title='bbox 1067 4099 1141 4248; x_wconf 83' lang='lat' dir='ltr'><strong>Nr.</strong></span> <span class='ocrx_word' id='word_1_289' title='bbox 1177 4160 1274 4249; x_wconf 79' lang='lat'>158.</span> 
     </span>
    </p>
   </div>
   <div class='ocr_carea' id='block_1_13' title="bbox 399 4359 1953 5071">
    <p class='ocr_par' dir='ltr' id='par_1_13' title="bbox 399 4359 1952 4767">
     <span class='ocr_line' id='line_1_31' title="bbox 399 4359 1951 4467; baseline 0.005 -24"><span class='ocrx_word' id='word_1_290' title='bbox 399 4380 403 4386; x_wconf 85' lang='lat'>·</span> <span class='ocrx_word' id='word_1_291' title='bbox 503 4359 697 4462; x_wconf 72' lang='lat' dir='ltr'><strong>Gregorius</strong></span> <span class='ocrx_word' id='word_1_292' title='bbox 723 4360 786 4464; x_wconf 88' lang='lat' dir='ltr'><strong>Pp.</strong></span> <span class='ocrx_word' id='word_1_293' title='bbox 812 4360 870 4443; x_wconf 84' lang='lat' dir='ltr'><strong>IX</strong></span> <span class='ocrx_word' id='word_1_294' title='bbox 903 4361 1161 4467; x_wconf 68' lang='lat' dir='ltr'><strong>messene</strong></span> <span class='ocrx_word' id='word_1_295' title='bbox 1189 4366 1234 4454; x_wconf 86' lang='grc'><strong>9,</strong></span> <span class='ocrx_word' id='word_1_296' title='bbox 1260 4361 1454 4466; x_wconf 70' lang='lat' dir='ltr'><strong>dnegniec</strong></span> <span class='ocrx_word' id='word_1_297' title='bbox 1491 4382 1657 4450; x_wconf 76' lang='lat' dir='ltr'><strong>masmar</strong></span> <span class='ocrx_word' id='word_1_298' title='bbox 1689 4384 1879 4451; x_wconf 64' lang='lat' dir='ltr'><strong>mensurio</strong></span> <span class='ocrx_word' id='word_1_299' title='bbox 1910 4383 1951 4451; x_wconf 81' lang='lat' dir='ltr'><strong>oe</strong></span> 
     </span>
     <span class='ocr_line' id='line_1_32' title="bbox 399 4479 1952 4566; baseline 0.007 -24"><span class='ocrx_word' id='word_1_300' title='bbox 399 4479 519 4566; x_wconf 67' lang='lat' dir='ltr'><strong>Lnbipz</strong></span> <span class='ocrx_word' id='word_1_301' title='bbox 540 4480 767 4564; x_wconf 76' lang='lat' dir='ltr'><strong>possessionem</strong></span> <span class='ocrx_word' id='word_1_302' title='bbox 788 4481 940 4546; x_wconf 90' lang='lat' dir='ltr'><strong>bonorum</strong></span> <span class='ocrx_word' id='word_1_303' title='bbox 959 4481 991 4545; x_wconf 92' lang='lat' dir='ltr'><strong>in</strong></span> <span class='ocrx_word' id='word_1_304' title='bbox 1015 4482 1175 4547; x_wconf 85' lang='lat' dir='ltr'><strong>territorio</strong></span> <span class='ocrx_word' id='word_1_305' title='bbox 1193 4481 1232 4548; x_wconf 90' lang='lat' dir='ltr'><strong>de</strong></span> <span class='ocrx_word' id='word_1_306' title='bbox 1254 4481 1361 4550; x_wconf 84' lang='lat' dir='ltr'><strong>Neklo</strong></span> <span class='ocrx_word' id='word_1_307' title='bbox 1383 4491 1416 4550; x_wconf 91' lang='lat' dir='ltr'><strong>et</strong></span> <span class='ocrx_word' id='word_1_308' title='bbox 1441 4486 1529 4549; x_wconf 84' lang='grc'><strong>3000</strong></span> <span class='ocrx_word' id='word_1_309' title='bbox 1550 4505 1732 4552; x_wconf 81' lang='lat' dir='ltr'><strong>mensorum</strong></span> <span class='ocrx_word' id='word_1_310' title='bbox 1745 4506 1765 4553; x_wconf 83' lang='lat' dir='ltr'><strong>n</strong></span> <span class='ocrx_word' id='word_1_311' title='bbox 1779 4486 1952 4553; x_wconf 78' lang='lat' dir='ltr'><strong>Wisdislno</strong></span> 
     </span>
     <span class='ocr_line' id='line_1_33' title="bbox 399 4582 1952 4673; baseline 0.005 -25"><span class='ocrx_word' id='word_1_312' title='bbox 399 4582 478 4651; x_wconf 88' lang='lat' dir='ltr'><strong>duee</strong></span> <span class='ocrx_word' id='word_1_313' title='bbox 499 4582 647 4650; x_wconf 87' lang='lat' dir='ltr'><strong>Polonine</strong></span> <span class='ocrx_word' id='word_1_314' title='bbox 669 4583 854 4648; x_wconf 87' lang='lat' dir='ltr'><strong>oodntornm</strong></span> <span class='ocrx_word' id='word_1_315' title='bbox 876 4601 939 4648; x_wconf 87' lang='lat' dir='ltr'><strong>nne</strong></span> <span class='ocrx_word' id='word_1_316' title='bbox 957 4600 1028 4648; x_wconf 92' lang='lat' dir='ltr'><strong>cum</strong></span> <span class='ocrx_word' id='word_1_317' title='bbox 1048 4584 1177 4649; x_wconf 85' lang='lat' dir='ltr'><strong>decimis</strong></span> <span class='ocrx_word' id='word_1_318' title='bbox 1198 4584 1377 4667; x_wconf 64' lang='lat' dir='ltr'><strong>comula,</strong></span> <span class='ocrx_word' id='word_1_319' title='bbox 1411 4606 1490 4670; x_wconf 80' lang='lat' dir='ltr'><strong>quos</strong></span> <span class='ocrx_word' id='word_1_320' title='bbox 1524 4587 1641 4658; x_wconf 81' lang='lat' dir='ltr'><strong>Penius</strong></span> <span class='ocrx_word' id='word_1_321' title='bbox 1667 4590 1802 4673; x_wconf 85' lang='lat' dir='ltr'><strong>episcop.</strong></span> <span class='ocrx_word' id='word_1_322' title='bbox 1833 4587 1952 4656; x_wconf 78' lang='lat' dir='ltr'><strong>Poene·</strong></span> 
     </span>
     <span class='ocr_line' id='line_1_34' title="bbox 399 4683 1121 4767; baseline -0.007 -15"><span class='ocrx_word' id='word_1_323' title='bbox 399 4687 498 4752; x_wconf 79' lang='lat' dir='ltr'><strong>niem.</strong></span> <span class='ocrx_word' id='word_1_324' title='bbox 521 4685 710 4751; x_wconf 79' lang='lat' dir='ltr'><strong>monasterio</strong></span> <span class='ocrx_word' id='word_1_325' title='bbox 733 4683 893 4767; x_wconf 74' lang='lat' dir='ltr'><strong>pneticto</strong></span> <span class='ocrx_word' id='word_1_326' title='bbox 914 4695 1121 4751; x_wconf 74' lang='lat' dir='ltr'><strong>oonsmseret.</strong></span> 
     </span>
    </p>

    <p class='ocr_par' dir='ltr' id='par_1_14' title="bbox 401 4791 1953 4974">
     <span class='ocr_line' id='line_1_35' title="bbox 504 4791 1953 4872; baseline 0.004 -20"><span class='ocrx_word' id='word_1_327' title='bbox 504 4792 643 4868; x_wconf 74' lang='lat' dir='ltr'><strong>Pergam.</strong></span> <span class='ocrx_word' id='word_1_328' title='bbox 673 4795 789 4867; x_wconf 75' lang='lat' dir='ltr'><strong>orppiu.</strong></span> <span class='ocrx_word' id='word_1_329' title='bbox 828 4791 876 4850; x_wconf 82' lang='lat' dir='ltr'><strong>it&#39;a</strong></span> <span class='ocrx_word' id='word_1_330' title='bbox 901 4795 1016 4865; x_wconf 69' lang='lat' dir='ltr'><strong>purime</strong></span> <span class='ocrx_word' id='word_1_331' title='bbox 1044 4793 1105 4851; x_wconf 85' lang='lat' dir='ltr'><strong>uici</strong></span> <span class='ocrx_word' id='word_1_332' title='bbox 1132 4791 1277 4860; x_wconf 76' lang='lat' dir='ltr'><strong>jcdmudrr.</strong></span> <span class='ocrx_word' id='word_1_333' title='bbox 1303 4810 1448 4856; x_wconf 70' lang='lat' dir='ltr'><strong>erma.</strong></span> <span class='ocrx_word' id='word_1_334' title='bbox 1471 4798 1483 4854; x_wconf 89' lang='lat' dir='ltr'><strong>r&#39;</strong></span> <span class='ocrx_word' id='word_1_335' title='bbox 1505 4791 1575 4859; x_wconf 78' lang='lat' dir='ltr'><strong>tort.</strong></span> <span class='ocrx_word' id='word_1_336' title='bbox 1601 4800 1827 4872; x_wconf 75' lang='lat' dir='ltr'><strong>przpnieszona</strong></span> <span class='ocrx_word' id='word_1_337' title='bbox 1856 4796 1953 4858; x_wconf 75' lang='lat' dir='ltr'><strong>dedda:</strong></span> 
     </span>
     <span class='ocr_line' id='line_1_36' title="bbox 401 4888 725 4974; baseline 0 -18"><span class='ocrx_word' id='word_1_338' title='bbox 401 4888 573 4972; x_wconf 75' lang='lat' dir='ltr'><strong>Gregorius</strong></span> <span class='ocrx_word' id='word_1_339' title='bbox 594 4889 647 4974; x_wconf 87' lang='lat' dir='ltr'><strong>Pp.</strong></span> <span class='ocrx_word' id='word_1_340' title='bbox 671 4889 725 4956; x_wconf 75' lang='lat' dir='ltr'><strong>iit</strong></span> 
     </span>
    </p>

    <p class='ocr_par' dir='ltr' id='par_1_15' title="bbox 511 4995 1951 5071">
     <span class='ocr_line' id='line_1_37' title="bbox 511 4995 1951 5071; baseline 0.008 -16"><span class='ocrx_word' id='word_1_341' title='bbox 511 4996 669 5059; x_wconf 74' lang='lat' dir='ltr'><strong>tt&#39;roeton.</strong></span> <span class='ocrx_word' id='word_1_342' title='bbox 706 4997 827 5071; x_wconf 69' lang='lat' dir='ltr'><strong>sempr.</strong></span> <span class='ocrx_word' id='word_1_343' title='bbox 852 4998 957 5056; x_wconf 70' lang='lat' dir='ltr'><strong>Steiris</strong></span> <span class='ocrx_word' id='word_1_344' title='bbox 981 4998 1070 5057; x_wconf 77' lang='lat' dir='ltr'><strong>Arcti.</strong></span> <span class='ocrx_word' id='word_1_345' title='bbox 1095 4995 1211 5056; x_wconf 71' lang='grc' dir='ltr'><strong>1,αὼιο</strong></span> <span class='ocrx_word' id='word_1_346' title='bbox 1231 4997 1285 5058; x_wconf 76' lang='grc'><strong>50.</strong></span> <span class='ocrx_word' id='word_1_347' title='bbox 1332 4997 1387 5058; x_wconf 81' lang='lat' dir='ltr'><strong>Die</strong></span> <span class='ocrx_word' id='word_1_348' title='bbox 1415 4998 1548 5061; x_wconf 67' lang='lat' dir='ltr'><strong>urrerem.</strong></span> <span class='ocrx_word' id='word_1_349' title='bbox 1570 5000 1600 5061; x_wconf 85' lang='lat' dir='ltr'><strong>d.</strong></span> <span class='ocrx_word' id='word_1_350' title='bbox 1624 5000 1673 5061; x_wconf 80' lang='lat' dir='ltr'><strong>la.</strong></span> <span class='ocrx_word' id='word_1_351' title='bbox 1698 4999 1813 5061; x_wconf 71' lang='lat' dir='ltr'><strong>[mdiu</strong></span> <span class='ocrx_word' id='word_1_352' title='bbox 1832 5001 1951 5067; x_wconf 72' lang='lat' dir='ltr'><strong>sris.</strong></span> 
     </span>
    </p>
   </div>
   <div class='ocr_carea' id='block_1_14' title="bbox 408 5121 1954 5425">
    <p class='ocr_par' dir='ltr' id='par_1_16' title="bbox 408 5121 1954 5425">
     <span class='ocr_line' id='line_1_38' title="bbox 506 5121 1954 5230; baseline 0.006 -19"><span class='ocrx_word' id='word_1_353' title='bbox 506 5145 678 5230; x_wconf 81' lang='lat' dir='ltr'><strong>Gregorius</strong></span> <span class='ocrx_word' id='word_1_354' title='bbox 693 5147 864 5229; x_wconf 76' lang='lat' dir='ltr'><strong>episcopos</strong></span> <span class='ocrx_word' id='word_1_355' title='bbox 886 5165 994 5212; x_wconf 81' lang='lat' dir='ltr'><strong>sersus</strong></span> <span class='ocrx_word' id='word_1_356' title='bbox 1016 5164 1175 5212; x_wconf 82' lang='lat' dir='ltr'><strong>servornm</strong></span> <span class='ocrx_word' id='word_1_357' title='bbox 1198 5146 1271 5222; x_wconf 81' lang='lat' dir='ltr'><strong>lici,</strong></span> <span class='ocrx_word' id='word_1_358' title='bbox 1293 5145 1417 5213; x_wconf 89' lang='lat' dir='ltr'><strong>dilectis</strong></span> <span class='ocrx_word' id='word_1_359' title='bbox 1439 5149 1512 5215; x_wconf 87' lang='lat' dir='ltr'><strong>tiliis</strong></span> <span class='ocrx_word' id='word_1_360' title='bbox 1533 5148 1642 5217; x_wconf 84' lang='lat' dir='ltr'><strong>nbbeti</strong></span> <span class='ocrx_word' id='word_1_361' title='bbox 1664 5158 1694 5215; x_wconf 87' lang='lat' dir='ltr'><strong>et</strong></span> <span class='ocrx_word' id='word_1_362' title='bbox 1719 5121 1893 5219; x_wconf 63' lang='lat' dir='ltr'><strong>Conventus</strong></span> <span class='ocrx_word' id='word_1_363' title='bbox 1913 5153 1954 5220; x_wconf 90' lang='lat' dir='ltr'><strong>de</strong></span> 
     </span>
     <span class='ocr_line' id='line_1_39' title="bbox 408 5247 1954 5335; baseline 0.005 -20"><span class='ocrx_word' id='word_1_364' title='bbox 408 5247 512 5315; x_wconf 83' lang='lat' dir='ltr'><strong>Lubes</strong></span> <span class='ocrx_word' id='word_1_365' title='bbox 534 5247 748 5314; x_wconf 71' lang='lat' dir='ltr'><strong>cistertiensis</strong></span> <span class='ocrx_word' id='word_1_366' title='bbox 770 5248 898 5315; x_wconf 80' lang='lat' dir='ltr'><strong>Ordinis</strong></span> <span class='ocrx_word' id='word_1_367' title='bbox 920 5248 1188 5315; x_wconf 82' lang='lat' dir='ltr'><strong>ll&#39;rutislnricnsis</strong></span> <span class='ocrx_word' id='word_1_368' title='bbox 1209 5249 1369 5317; x_wconf 79' lang='lat' dir='ltr'><strong>‹lioresoos</strong></span> <span class='ocrx_word' id='word_1_369' title='bbox 1390 5251 1525 5318; x_wconf 78' lang='lat' dir='ltr'><strong>salutern</strong></span> <span class='ocrx_word' id='word_1_370' title='bbox 1546 5256 1580 5318; x_wconf 91' lang='lat' dir='ltr'><strong>et</strong></span> <span class='ocrx_word' id='word_1_371' title='bbox 1592 5251 1796 5335; x_wconf 77' lang='lat' dir='ltr'><strong>npostoiimm</strong></span> <span class='ocrx_word' id='word_1_372' title='bbox 1812 5252 1954 5323; x_wconf 83' lang='lat' dir='ltr'><strong>benedic·</strong></span> 
     </span>
     <span class='ocr_line' id='line_1_40' title="bbox 1751 5369 1783 5425; baseline -0.094 0"><span class='ocrx_word' id='word_1_373' title='bbox 1751 5369 1783 5425; x_wconf 88' lang='lat' dir='ltr'><strong>ts</strong></span> 
     </span>
    </p>
   </div>
   <div class='ocr_carea' id='block_1_15' title="bbox 0 0 2309 6240">
    <p class='ocr_par' dir='ltr' id='par_1_17' title="bbox 0 0 2309 6240">
     <span class='ocr_line' id='line_1_41' title="bbox 0 0 2309 6240; baseline 0 0"><span class='ocrx_word' id='word_1_374' title='bbox 0 0 2309 6240; x_wconf 95' lang='lat' dir='ltr'><strong> </strong></span> 
     </span>
    </p>
   </div>
  </div>
 </body>
</html>
