4574 6240
1734 333 1809 409 21⁹

260 532 332 602 lnrt
349 529 524 601 usurum
544 519 684 600 eiusdem
705 530 780 598 ville
798 529 891 598 firme
910 548 1096 599 conservare
1122 530 1353 616 pmmittenten
1396 530 1442 599 Et
1462 531 1537 617 quic
1559 530 1709 600 nobilitas
1729 530 1812 627 luent

261 633 322 702 silli
338 633 498 719 quendum
522 634 622 718 legem
648 633 747 717 ponit,
776 638 814 699 ut
841 632 902 699 nisi
931 632 965 697 in
992 631 1152 700 beneficis
1180 632 1313 701 creverit
1334 633 1431 701 nichil
1457 653 1491 703 se
1510 635 1688 720 prestitisse
1707 639 1810 720 putet,

260 753 319 805 nos
338 734 544 803 donacionem
575 737 677 820 putris
708 736 810 802 nostri
847 735 1000 819 nmplinre
1024 737 1200 820 cupientes,
1229 755 1287 820 pro
1316 736 1422 804 enimn
1447 737 1547 821 ipsius
1576 754 1615 805 ec
1642 743 1754 804 nostru
1777 740 1812 805 et

258 843 438 908 nostorum
458 838 563 905 sulute
583 843 791 922 posterorum,
813 835 854 905 ob
874 856 1013 904 umorem
1034 838 1129 905 lhmu
1150 837 1270 906 Christi
1295 838 1386 906 cuius
1410 857 1505 924 opem
1524 845 1669 906 nostrum
1694 839 1810 922 guber·

261 958 339 1010 nure
358 957 522 1025 sperumm
543 938 725 1020 dominium.
748 946 892 1006 eternum
912 938 1114 1007 effectanter:
1134 948 1305 1007 memorate
1326 940 1400 1008 ville
1419 941 1530 1008 dumus
1549 939 1812 1025 fermilinum,

260 1041 379 1128 inquo
398 1047 466 1110 tem
483 1041 525 1109 nb
545 1040 655 1109 incolis
680 1041 755 1110 ville
780 1061 875 1127 quum
904 1042 945 1109 sb
974 1042 1047 1108 nliis
1075 1042 1220 1109 omnibus
1248 1041 1457 1126 undecunque
1482 1042 1679 1109 venientibus
1699 1040 1813 1110 foratu

260 1161 323 1230 qne
341 1143 515 1230 miscriter
535 1149 674 1227 turgowe
694 1151 916 1228 nuncupantur
947 1144 1052 1211 nullus
1078 1144 1184 1228 exiget
1213 1143 1263 1211 vel
1287 1145 1430 1230 recipiet
1459 1162 1518 1212 nec
1537 1143 1732 1212 monetarius
1753 1143 1811 1211 uli·

260 1265 355 1334 qosm
375 1246 441 1315 illic
462 1246 605 1330 exigendi
626 1244 746 1329 aliquid
766 1247 817 1314 vel
838 1246 1009 1330 recipiendi
1028 1245 1145 1313 hubent
1157 1251 1360 1330 potestatem,
1374 1266 1433 1316 nec
1446 1246 1539 1314 iudex
1552 1247 1669 1330 uliquis
1683 1263 1811 1314 oensem

259 1348 398 1434 ntqmm
419 1347 536 1415 ibidem
556 1346 724 1428 iudicandi,
746 1366 805 1417 nec
826 1350 926 1417 eciem
946 1347 1041 1415 iudex
1061 1348 1145 1415 sicin
1162 1365 1220 1432 per
1240 1348 1305 1415 elin
1325 1348 1395 1417 loru
1415 1348 1612 1418 consueverit
1636 1347 1811 1431 residendl;

260 1450 316 1521 sed
336 1449 460 1518 villicus
486 1450 550 1518 inm
578 1448 663 1516 dicte
687 1449 762 1517 ville
796 1451 851 1534 qui
874 1468 932 1534 pro
961 1456 1102 1533 tempore
1127 1448 1233 1531 inerit,
1257 1450 1428 1518 secundm
1447 1450 1643 1520 condiciones
1665 1467 1739 1517 snus
1760 1449 1812 1517 ius

260 1570 353 1621 sunm
368 1542 409 1620 'et
427 1551 586 1619 iustitium
607 1550 776 1635 unicuique
796 1550 946 1618 reddendi
967 1551 1092 1636 plenem
1113 1557 1147 1618 et
1167 1551 1308 1634 quietem
1328 1553 1557 1638 perpetualiter
1570 1551 1688 1620 hubent
1701 1558 1811 1620 sucto-

260 1656 402 1725 rltctem:
423 1653 513 1723 sslro
533 1673 581 1736 eo,
602 1652 737 1738 quodsi
758 1672 820 1738 que
837 1660 951 1738 gentes
978 1653 1029 1721 sel
1054 1655 1200 1739 princeps
1225 1654 1342 1738 uliquis
1368 1660 1511 1722 nostrum
1539 1654 1692 1723 inusserit
1711 1654 1812 1722 domi·

260 1759 359 1842 nium,
387 1757 482 1827 simul
511 1756 674 1824 nobiscum
701 1756 743 1824 ed
764 1755 974 1824 resistendum
992 1755 1039 1824 eis
1060 1761 1222 1839 occurent,
1242 1757 1278 1823 in
1298 1756 1371 1825 eliis
1390 1756 1536 1826 omnibns
1555 1756 1658 1842 plenu,
1679 1756 1812 1840 pucilics

260 1868 358 1949 etque
377 1867 532 1948 pupemc
548 1859 722 1944 medentes
742 1857 900 1926 libertate
923 1857 970 1926 Ut
989 1863 1098 1926 sutem
1115 1857 1174 1926 lec
1193 1864 1305 1925 nostru
1325 1858 1456 1927 donncio
1475 1865 1628 1943 perpetue
1648 1857 1812 1926 firmitetis

261 1964 358 2035 robur
377 1965 530 2050 optinent,
552 1967 729 2046 presentem
750 1963 900 2046 pepinum
922 1961 1024 2028 nostri
1050 1960 1221 2028 munimine
1247 1961 1343 2046 sigilli
1367 1961 1593 2029 roboravimus
1637 1959 1756 2028 Duum
1777 1959 1812 2027 in

261 2066 393 2137 om
411 2065 490 2134 XVI
510 2064 671 2132 suenum
690 2064 775 2131 Iunii
789 2082 872 2132 unno
885 2063 991 2148 grecie
1011 2060 1265 2146 lidcliluvil,
1286 2063 1461 2131 Indictione
1474 2062 1596 2148 quintu,
1611 2060 1811 2147 presentibus

172 2195 176 2201 ·
260 2168 325 2238 ils:
346 2166 545 2254 Stupigneno
563 2165 750 2250 somnifero,
772 2167 899 2252 Boguse
917 2165 1164 2248 subcumerurio,
1186 2165 1373 2235 mebon‘o
1394 2163 1567 2248 subindioe,
1589 2162 1691 2232 Pculo
1715 2162 1812 2233 subs·

260 2287 389 2358 gerone,
408 2267 612 2355 Bognclislo,
633 2268 830 2354 Dobmgosto
851 2274 886 2336 et
905 2267 977 2336 ullis
997 2286 1095 2353 quem
1118 2268 1262 2354 pluribus
1281 2266 1457 2354 ddedignis

364 2472 550 2561 nymnos,
578 2475 758 2540 meum.

934 2768 1010 2857 Nr.
1041 2763 1142 2857 261.

365 2965 525 3052 Prtmlsl
550 2966 627 3050 dux
653 2964 804 3049 Polonlo
830 2970 964 3048 1247
990 2987 1019 3049 s
1046 2964 1092 3066 d„
1117 2965 1161 3048 in
1186 2961 1376 3066 dnmdne3
1396 2979 1514 3050 sane
1535 2980 1814 3071 momentone-
1908 3061 1916 3072 ,

261 3085 380 3157 nlclron
400 3086 460 3156 sub
480 3104 571 3154 snum
591 3085 706 3171 recipit
724 3087 951 3171 protectionem
969 3091 1005 3154 et
1024 3084 1210 3172 quibusdum
1227 3083 1428 3152 libmmtibus
1448 3082 1562 3150 munit
1616 3143 1618 3146 Α

369 3193 566 3272 mmmm
582 3194 699 3270 croam
717 3194 943 3272 pentadecas
959 3209 1071 3270 prem
1093 3186 1275 3256 Vlndislnns
1294 3205 1353 3254 rex
1368 3184 1499 3253 Polonie
1518 3190 1580 3253 etc
1600 3184 1684 3253 1426
1698 3185 1763 3254 iul
1778 3186 1811 3269 3,

222 3289 1323 3377 .nrm‹tuo;npermo,uoepopoapewnuom
1356 3287 1814 3370 mmmmm

262 3397 1288 3578 mwmoeyuwpnmnm-moepnu
1303 3495 1505 3590 erumpnas
1522 3494 1814 3563 mucronum.

364 3698 404 3769 In
424 3699 551 3769 nomlne
567 3703 682 3768 mnde
701 3703 736 3766 et
755 3696 916 3767 individue
935 3697 1102 3767 Trinitatis
1123 3715 1225 3766 umen
1250 3696 1319 3783 spo
1331 3695 1467 3766 Premlsl
1479 3696 1546 3765 dux
1558 3695 1690 3767 Polunle
1703 3703 1816 3769 notum

262 3798 345 3872 indo
365 3800 511 3870 omuibus
531 3819 661 3888 presens
682 3800 835 3884 scriptum
856 3799 1046 3886 inspecturis
1067 3804 1134 3869 tum
1159 3799 1359 3885 presentibus
1380 3819 1477 3884 quum
1496 3800 1623 3878 futuris,
1649 3803 1736 3888 quod
1756 3821 1816 3889 pro

262 3902 368 3973 rulute
385 3904 490 3972 suime
507 3922 576 3973 mee
596 3921 635 3973 uc
652 3921 798 3971 surorum
815 3922 957 3971 meorum
976 3902 1093 3971 nune
1106 3903 1147 3970 de
1160 3903 1300 3971 elsmtro
1321 3902 1405 3985 quod
1424 3902 1599 3974 Goscichov
1612 3912 1815 3990 nuncupetur

264 4003 482 4076 curuum
503 4005 631 4074 Ordinis
652 4005 712 4073 sub
732 4023 805 4073 mee
824 4006 929 4090 recepi
950 4003 1145 4090 protectione
1166 4003 1304 4087 speciali,
1326 4021 1472 4073 securum
1490 4006 1814 4092 eisdemperterrnm

263 4124 366 4178 meum
382 4108 486 4177 omno
505 4107 692 4177 conductum
713 4109 748 4175 in
768 4108 872 4176 eundo
892 4127 931 4175 ec
951 4106 1128 4187 redetmdo;
1158 4106 1242 4189 quod
1270 4105 1413 4175 homines
1442 4106 1578 4176 nouum
1598 4109 1741 4196 predicte
1759 4111 1816 4180 do-

254 4227 335 4284 mus
354 4210 389 4279 in
410 4217 498 4279 term
516 4230 588 4279 men
609 4215 838 4278 commorantes
859 4210 894 4277 in
915 4215 1102 4295 perpetuum
1122 4207 1258 4274 absoluti
1276 4214 1372 4275 erunt
1392 4209 1434 4277 nb
1458 4208 1518 4279 ltoc
1539 4211 1609 4280 iure
1629 4212 1813 4295 Poloniculi,

262 4311 409 4382 vldellom
426 4331 449 4381 c
466 4319 580 4394 strosn,
599 4332 621 4380 s
640 4311 720 4395 sled,
743 4331 764 4379 n
784 4311 970 4396 podvorove,
1000 4309 1201 4395 cpomdlne,
1223 4327 1244 4375 n
1265 4309 1449 4393 theoloneo3
1475 4330 1533 4381 nec
1552 4313 1615 4399 ipsi
1635 4333 1741 4383 eornm
1762 4333 1816 4384 cu-

263 4413 399 4484 stelluno
419 4421 530 4483 nostm
550 4414 601 4482 vel
623 4413 687 4482 ulio
707 4414 811 4481 iudice
835 4414 969 4481 sermm
987 4412 1149 4494 astabunt,
1173 4412 1235 4478 nisi
1257 4418 1382 4480 tonum
1403 4432 1510 4483 eornm
1530 4415 1633 4500 nobis,
1654 4419 1744 4502 prius
1766 4424 1816 4488 tc·

263 4532 337 4585 men
357 4517 475 4585 noenu
493 4517 611 4585 litteris
630 4522 689 4584 snt
708 4516 813 4601 sigillo
831 4517 931 4583 citati.
977 4515 1024 4584 Ut
1048 4521 1154 4582 eutem
1180 4532 1252 4582 men
1272 4515 1441 4599 promissio
1461 4522 1534 4585 rute
1554 4527 1762 4605 permaneant
1782 4521 1817 4589 in

263 4616 415 4703 tutorum,
437 4637 565 4704 presens
585 4621 738 4703 scriptmn
758 4618 854 4702 sigilli
874 4618 936 4685 mei
954 4618 1144 4702 appensione
1169 4624 1220 4684 est
1246 4616 1439 4688 mbomtum.
1483 4620 1594 4690 Testes
1624 4622 1718 4690 huius
1739 4622 1817 4692 inuti
1848 4661 1852 4667 -

264 4725 354 4789 suut:
384 4738 488 4789 eomes
516 4720 658 4789 Dimicus
684 4721 846 4806 palatinus
871 4721 1009 4802 Polonie,
1032 4719 1181 4788 Prerlutm
1207 4720 1367 4805 pincerne,
1401 4722 1527 4807 Bognsr
1554 4722 1817 4809 subcumemrius,

264 4820 387 4893 Bonum
406 4823 506 4892 mum
526 4823 786 4906 cusenderius,
800 4823 888 4892 Mers
902 4821 1093 4907 subtlnpiior¹
1108 4822 1230 4905 iscius,
1252 4823 1389 4907 Mutynn
1401 4826 1580 4909 mnonicns,
1601 4826 1759 4895 Iohannes
1781 4833 1816 4896 ct

264 4923 401 4996 ldlchsel
421 4926 577 5012 cupellnni
598 4927 695 4995 curie.
725 4926 845 4993 mmm
866 4926 899 4993 in
921 4925 1071 4994 Gnesdnn
1091 4944 1175 4994 nuno
1195 4925 1301 5010 prede
1320 4925 1488 4997 millesimo
1508 4928 1724 4999 ducentesimo
1736 4948 1817 5017 qne·

263 5024 440 5114 dmeslmo
461 5029 596 5114 septimo
617 5030 650 5096 in
671 5034 859 5114 perpetuum
879 5027 1024 5096 vnliture

368 5230 555 5318 destituor,
579 5235 648 5301 deti
668 5237 823 5319 Porndpi.
