4574 6240
708 468 815 573 re,

704 666 794 736 nohis
815 665 943 734 minimo
961 663 1136 749 offerretur,
1159 666 1304 751 petitioni
1324 665 1504 735 huiusmodi
1525 684 1663 734 annuere
1683 664 1863 732 nullatenus
1877 661 2076 731 debebamus.
2100 665 2149 734 nn
2162 682 2242 756 quon

704 771 808 840 altera
827 787 902 856 pars
921 768 1097 854 respondit:
1127 789 1167 837 cr
1187 768 1326 837 eiuslcm
1348 769 1381 838 S.
1397 768 1591 839 confossione
1602 774 1767 851 'mostata
1791 767 1875 852 quod
1893 766 2054 834 decretum
2077 770 2250 852 conlectum·

704 874 811 943 luerat
830 878 864 942 ct
884 872 1026 941 oblatum
1047 873 1105 941 tibi
1126 873 1209 958 apul
1232 873 1406 941 Bononiam
1429 873 1615 946 constituto,
1644 889 1749 956 aquo
1770 870 1811 937 aa
1834 875 1977 937 nostrum
1998 888 2129 937 oramen
2149 873 2247 953 fucum

704 977 788 1047 idem
808 976 970 1062 nogotium
991 976 1308 1061 pcr'appcllationcm
1328 975 1478 1044 dolatum.
1500 974 1679 1060 Suprailicti
1699 991 1825 1059 quoquc
1845 972 2034 1040 humbertus
2052 979 2085 1040 et
2098 973 2247 1052 Matthias

705 1080 802 1149 iurati
823 1078 983 1155 dixerunt,
1019 1078 1102 1164 quod
1129 1078 1241 1164 vigim
1263 1096 1344 1145 unus
1375 1097 1413 1146 ex
1442 1079 1601 1147 canonicis
1622 1075 1888 1145 Poznanicnsibus
1915 1075 1971 1160 qui
1992 1083 2155 1159 presentes
2172 1082 2248 1155 elec·

705 1183 784 1252 tiorn
803 1187 1035 1264 consenserant,
1057 1181 1308 1266 subscripserant
1328 1182 1362 1248 in
1382 1182 1520 1264 decreto,
1543 1200 1606 1248 ano
1627 1186 1752 1247 mntem
1774 1186 1915 1265 aucupto,
1937 1178 1993 1265 qui
2013 1179 2163 1248 recedens
2180 1206 2248 1270 pra

705 1285 813 1374 posuit
825 1303 861 1353 so
874 1285 959 1352 nolle
973 1290 1102 1370 proptor
1116 1292 1204 1351 tuam
1219 1283 1370 1351 offensam
1391 1286 1424 1351 in
1446 1284 1594 1369 Capitulo
1616 1302 1787 1352 remancre.
1809 1282 1930 1349 Contra
1950 1282 2034 1365 quod
2056 1300 2131 1366 pars
2152 1286 2250 1361 altera

623 1401 627 1409 '
704 1388 877 1476 replicarit,
898 1386 983 1473 quod
1003 1387 1163 1456 decretum
1185 1386 1364 1454 huiusmodi
1386 1388 1504 1455 nuhius
1526 1388 1676 1455 momenti
1696 1387 1821 1468 extitit,
1843 1404 1914 1454 cum
1934 1385 1991 1452 illo
2011 1403 2076 1452 non
2096 1383 2192 1456 faerit
2211 1395 2250 1462 si.

706 1493 783 1581 gillo
803 1492 960 1560 munitum
982 1491 1065 1576 quod
1088 1490 1269 1575 Capitulum
1288 1493 1451 1559 consuerit
1472 1490 1597 1558 babere.
1616 1489 1679 1558 sat
1701 1489 1742 1558 erl
1763 1487 1823 1557 hoc
1837 1507 1911 1573 pars
1933 1488 2065 1556 adrerm
2082 1494 2250 1580 rmpomlit,

705 1595 791 1683 quod
811 1595 873 1664 etsi
894 1595 997 1680 sigillo
1013 1595 1131 1678 absque
1153 1594 1269 1662 litteris
1290 1597 1338 1662 uti
1362 1596 1524 1664 consuevit
1545 1593 1727 1679 Capitulum
1749 1599 1956 1660 memoratum
1978 1592 2062 1677 quod
2083 1609 2147 1659 non
2161 1613 2251 1665 cano

705 1698 846 1766 uicorum
867 1696 1006 1782 sigillum
1027 1697 1083 1765 sed
1104 1699 1210 1783 potius
1231 1699 1444 1766 iumentorum
1465 1697 1640 1765 caumrium
1659 1695 1836 1779 ridebatur,
1858 1695 1968 1763 habito
1989 1701 2095 1762 amen
2116 1694 2158 1763 ah
2179 1699 2252 1783 ipsis

704 1806 781 1870 ante
799 1800 984 1869 electionem
1005 1800 1045 1868 de
1062 1800 1117 1868 illo
1138 1801 1314 1870 innovamo
1332 1806 1488 1884 bacatu,
1526 1808 1601 1887 post
1630 1799 1816 1870 electionem
1849 1798 1959 1867 extitit
1984 1798 2185 1880 narratum
2221 1811 2253 1872 et

705 1905 753 1973 sic
773 1903 936 1973 nouom
958 1903 1118 1972 decretum
1146 1923 1227 1973 noro
1248 1903 1352 1991 sigillo
1371 1912 1482 1990 postea
1503 1891 1697 1972 munierunt
1740 1901 1801 1970 ilis
1821 1902 1920 1986 ‘mitur
1939 1907 1974 1970 et
1993 1901 2066 1970 eliis
2086 1901 2253 1974 intellectis

706 2026 769 2094 que
786 2007 937 2093 utrinque
958 2005 1046 2076 fuere
1064 2005 1226 2093 pm'posita
1259 2026 1364 2076 coram
1385 2007 1491 2090 nobis,
1524 2007 1600 2075 licet
1630 2005 1744 2076 electio
1775 2005 1957 2091 supradicta
1987 2012 2135 2091 suspecta
2165 2005 2253 2075 nobis

705 2109 842 2198 quodam
863 2110 956 2178 ruodo
978 2110 1080 2195 prima
1098 2109 1178 2178 facie
1198 2111 1359 2179 sideretrrr
1380 2129 1420 2179 ox
1442 2129 1481 2178 eo
1498 2109 1583 2195 quod
1604 2113 1695 2176 tuum
1713 2109 1744 2176 ei
1764 2105 1902 2177 hrotam
1921 2109 2102 2195 impendere
2115 2108 2253 2194 noluisti,

705 2213 872 2299 presertim
893 2231 966 2281 cum
986 2232 1024 2280 eo
1043 2213 1180 2299 amplius
1199 2215 1234 2280 in
1256 2213 1306 2281 bis
1327 2219 1363 2281 et
1381 2213 1455 2281 aliis
1476 2213 1678 2298 dbponamas
1698 2210 1839 2280 favorem
1860 2211 1918 2279 tibi
1940 2210 2149 2298 apostolicam
2169 2211 2254 2280 exhi·

703 2316 798 2401 berc,
836 2334 901 2402 qno
921 2317 1097 2402 promptius
1118 2318 1248 2403 propria
1268 2317 1375 2403 quiete
1396 2317 1574 2401 postposita
1593 2315 1704 2383 multis
1724 2313 1886 2382 laboribus
1915 2320 1950 2383 ot
1977 2313 2127 2402 periculis
2148 2319 2182 2382 te
2203 2331 2254 2383 cr·

705 2420 797 2507 ponis
817 2418 857 2488 oh
877 2417 1090 2488 defensionem
1111 2421 1321 2488 ecclesiastice
1342 2419 1515 2488 libertatis:
1553 2419 1630 2504 quia
1659 2424 1765 2486 nmen
1794 2438 1866 2487 cum
1887 2417 2095 2486 Poznaniensi
2115 2415 2255 2501 ecalmia

704 2540 767 2608 qus
788 2522 822 2590 in
844 2521 999 2591 eloctione
1019 2523 1161 2608 predicta
1181 2542 1264 2591 nom
1285 2525 1369 2608 cepit
1389 2523 1539 2591 libertate
1558 2522 1715 2607 gaudere,
1751 2520 1886 2607 henigne
1916 2539 2009 2607 agere
2041 2540 2100 2589 nos
2121 2526 2255 2606 oportet

704 2630 872 2711 postquam
904 2625 1144 2711 probationibus
1175 2631 1210 2695 et
1241 2626 1483 2712 ahegationibus
1503 2626 1566 2693 fuit
1585 2628 1802 2695 renuntiatum
1822 2624 2008 2708 hincinde,
2043 2623 2256 2693 admonitione

704 2727 890 2816 multiplici,
922 2729 1018 2796 immo
1043 2729 1191 2798 districta
1215 2730 1353 2798 iussione
1374 2729 1528 2815 premissa
1550 2734 1588 2796 ut
1608 2728 1692 2797 idem
1712 2728 1832 2797 electus
1851 2728 1892 2795 ad
1911 2728 2091 2796 hbertatern
2112 2727 2257 2796 ccclesia·

705 2830 821 2900 sticum
841 2831 1086 2900 conservandam
1106 2833 1255 2900 assistere
1276 2832 1336 2900 tibi
1357 2831 1487 2899 studeat
1506 2830 1644 2900 fideliter
1661 2837 1696 2900 et
1715 2831 1844 2916 deuote,
1865 2832 1906 2900 de
1922 2830 2058 2900 hatrran
2077 2835 2257 2898 nostorum

707 2934 838 3004 consilio
859 2932 1044 3003 electionem
1064 2936 1165 3020 ipsam
1186 2936 1418 3003 sententialiter
1437 2934 1584 3001 dmimas
1603 2934 1858 3004 confirmandam.
1893 2934 2046 3016 Quocirca
2064 2932 2258 3002 fraternitati

706 3044 763 3106 tue
783 3057 840 3123 per
860 3038 1036 3123 apostolica
1055 3038 1174 3123 scripta
1193 3037 1394 3121 mandamus,
1425 3038 1576 3123 omanus
1604 3038 1737 3106 eundern
1758 3037 1894 3107 electam
1914 3037 2026 3107 devote
2047 3037 2108 3105 tihi
2128 3037 2257 3124 obsequi

707 3140 884 3228 cupientem
905 3140 1024 3208 habens
1045 3140 1085 3209 ob
1106 3147 1247 3209 nostram
1268 3142 1475 3210 reverentiam
1496 3142 1758 3226 commendatum,
1790 3143 1874 3211 mrsu
1894 3161 1966 3210 eum
1984 3147 2127 3227 ternpore
2144 3161 2258 3228 oppor-

708 3249 790 3312 tuno
812 3262 873 3328 que
892 3242 935 3310 ad
956 3249 1046 3310 taum
1067 3241 1204 3311 citimum
1224 3243 1386 3329 pertinent
1406 3246 1581 3330 exequaris.
1613 3243 1680 3313 Nos
1698 3246 1781 3314 errim
1803 3250 1870 3313 tam
1890 3243 2096 3313 Pomaniensi
2111 3244 2258 3331 capitulo

707 3362 806 3432 quam
828 3345 912 3415 dero
934 3351 969 3415 et
989 3346 1104 3432 populo
1125 3347 1264 3415 anatis
1286 3352 1320 3415 et
1339 3345 1472 3415 diocesis
1486 3346 1707 3417 Pornaniensis
1727 3349 1845 3417 nostris
1859 3347 1972 3416 damus
1987 3347 2105 3416 litteris
2119 3349 2153 3416 in
2166 3368 2256 3416 man·

707 3447 808 3532 (letis,
830 3453 870 3517 ut
889 3448 990 3517 eidem
1012 3456 1174 3535 umquam
1195 3449 1294 3518 electo
1313 3467 1370 3518 suo
1391 3451 1599 3520 reverentiam
1617 3457 1652 3521 et
1670 3451 1881 3520 obedientiam
1903 3449 2101 3535 exhibentes,
2124 3453 2192 3521 eius
2209 3452 2258 3520 in·

711 3551 846 3621 tendant
864 3551 1057 3621 auumribus
1076 3554 1206 3621 monitis
1224 3559 1259 3622 et
1278 3552 1446 3622 murus.
1489 3552 1609 3623 Datum
1626 3553 1778 3624 Laterani
1795 3552 1873 3622 XVI
1893 3553 1967 3622 Kal
1988 3554 2142 3640 amaru,
2174 3572 2258 3624 anno

712 3660 827 3741 quarto
840 3654 971 3724 decimo.

727 3786 731 3794 ·
812 3760 869 3838 (Ia
889 3762 1016 3826 uadem
1043 3763 1113 3840 sere
1143 3763 1426 3842 momentonea
1458 3768 1503 3828 ert
1528 3781 1624 3843 super
1654 3765 1711 3828 hoc
1742 3765 1878 3844 coptam
1905 3765 2129 3840 Pommrienrit
2175 3760 2255 3830 Cum

709 3859 894 3931 electionem
927 3881 1022 3947 quam
1053 3862 1093 3930 de
1124 3862 1239 3931 dilecto
1259 3861 1326 3931 tilio
1357 3862 1507 3948 magistro
1535 3862 1634 3931 Paulo
1655 3864 1821 3932 nmcimini
1842 3862 2018 3934 celebrasse
2046 3865 2125 3953 (eta
2146 3868 2256 3947 ιιιφιι)

708 3979 790 4033 noro
803 3964 907 4051 sigillo
927 3970 1039 4051 postea
1048 3965 1356 4033 communistis-His
1376 3966 1475 4051 igitar
1495 3965 1565 4052 (etc.
1586 3972 1621 4033 ia
1640 3971 1767 4034 madan
1784 3972 1855 4049 sere
1874 3971 1992 4034 maran
2011 3965 2119 4055 aare)
2141 3967 2254 4036 contir-

709 4067 866 4136 tncndam.
886 4067 1039 4149 Quocirca
1058 4067 1216 4136 devotioni
1237 4075 1341 4136 vestre
1358 4087 1416 4153 per
1436 4070 1611 4154 apostolica
1631 4070 1751 4155 sumpta
1770 4070 1965 4154 mandamus,
1987 4072 2138 4157 quatinus
2153 4071 2254 4140 eidem

710 4175 873 4255 umquam
894 4170 994 4240 electo
1015 4179 1121 4239 rostro
1142 4171 1349 4239 reverentiam
1370 4177 1405 4238 et
1415 4170 1626 4240 obedientiam
1637 4172 1831 4256 exhibentes,
1852 4173 2102 4242 eiusintendntis
2124 4175 2257 4242 salabri-

714 4271 773 4344 bus
794 4275 923 4342 monitis
943 4281 979 4343 et
999 4274 1166 4342 mandatis.
1188 4273 1255 4342 Nos
1277 4274 1360 4341 enirn
1379 4272 1501 4358 pretato
1522 4273 1756 4361 archiepiscopo
1777 4275 1895 4344 litteris
1916 4277 2033 4346 nostris
2053 4278 2256 4363 inungimus,

565 4423 567 4425 .
715 4383 753 4444 ut
773 4377 906 4445 mnam
928 4378 1062 4446 electum
1083 4378 1194 4445 devote
1218 4377 1278 4444 sibi
1300 4377 1430 4462 obsequi
1452 4379 1628 4462 cupientem
1660 4377 1778 4446 habens
1811 4378 1852 4448 oh
1885 4385 2025 4448 nostram
2052 4381 2260 4448 reverentiam

711 4480 979 4563 commendatum,
1012 4482 1095 4548 circa
1127 4499 1200 4548 eum
1222 4485 1363 4564 ternpore
1385 4487 1562 4566 opportuno
1591 4498 1654 4565 quo
1673 4481 1715 4549 ad
1735 4500 1828 4550 suum
1849 4481 1986 4550 officium
2004 4483 2166 4569 pertinent
2185 4502 2258 4552 erc·

709 4588 836 4668 quatur.
854 4582 974 4651 Datum
994 4582 1046 4670 (ιιι
1067 4589 1099 4649 la
1120 4589 1183 4650 alia
1202 4605 1263 4665 per
1283 4583 1397 4670 toliere)

816 4688 873 4764 (Ia
893 4690 1019 4752 malem
1037 4690 1105 4767 sere
1125 4691 1241 4752 mum
1262 4692 1408 4767 scripum
1429 4696 1473 4752 ert
1495 4693 1574 4753 clero
1596 4696 1626 4754 et
1643 4693 1759 4770 poparlo
1779 4694 1910 4756 σὶιίιαιιι
1934 4697 1964 4756 et
1985 4692 2113 4757 ἅσιιιιι
2143 4692 2259 4755 Poeno·

580 4856 585 4866 ,
709 4789 845 4874 mensu.)
890 4787 971 4856 cnm
991 4788 1220 4858 Pomanienses
1241 4789 1383 4857 canomci
1415 4788 1600 4859 elccbonem
1631 4792 1700 4875 (eta
1735 4797 1767 4857 ιιι
1788 4797 1915 4858 uadem
1933 4797 2002 4872 sere
2022 4797 2140 4859 marat
2160 4791 2206 4856 'at
2227 4798 2260 4857 ιιι

706 4896 811 4972 prm
830 4889 941 4977 mma)
964 4891 1216 4960 confinnandam.
1238 4893 1391 4973 Quocirca
1412 4893 1611 4962 universitati
1632 4899 1737 4963 vestre
1756 4914 1815 4980 per
1834 4896 2009 4982 apostolica
2029 4897 2150 4982 scripta
2170 4914 2260 4964 man·

710 4991 832 5166 lingna,
850 4999 1009 5184 ww
1029 4995 1129 5064 aid·
1148 5002 1310 5081 uniquam
1333 4996 1434 5064 electo
1459 5001 1567 5064 vestm
1586 5003 1659 5077 (etc.
1680 5003 1760 5065 eoae
1779 5005 1813 5064 tn
1833 5003 1968 5066 reomao
1987 5020 2083 5083 arque
2100 5007 2133 5066 br
2144 5001 2260 5086 finem)
