4574 6240
1910 324 1981 397 151
2017 438 2030 461 .

436 535 632 601 innotescere
650 528 768 610 curavi,
787 527 938 613 quoniam
960 527 1000 616 ob
1022 527 1232 595 reverenciam
1254 532 1287 595 et
1308 524 1459 593 honorem
1481 524 1609 592 Domini
1629 525 1730 592 nostri
1756 524 1848 591 ihesu
1868 521 1988 590 christi

435 637 469 701 et
489 634 591 700 sancti
614 632 778 699 lidulberti
801 631 951 712 martiris,
974 632 1015 698 ad
1037 631 1223 699 instantiam
1245 630 1364 698 domini
1384 629 1532 698 Falconis
1554 627 1748 694 Gneanensis
1763 626 1989 711 archiepiscopi

230 746 237 824 ζ
336 753 341 763 ’
435 740 469 802 et
487 733 624 802 aliorum
646 734 836 819 prudentum
858 734 1006 816 virorum,
1028 735 1091 800 iuri
1112 733 1197 819 qnod
1212 733 1364 800 imotenus
1378 733 1412 798 irr
1425 728 1645 799 collationibus
1659 726 1889 812 prebendarum
1905 727 1990 796 Gne·

433 836 558 905 mensis
579 836 708 904 ecclesie
730 836 896 903 credebam
917 837 1012 904 michi
1034 842 1212 920 competere
1232 853 1360 919 prorsus
1378 836 1539 914 manneio,
1561 850 1615 899 eos
1633 830 1734 898 eidem
1753 830 1991 915 archiepiscopo

434 944 469 1008 et
488 937 557 1007 eius
577 938 809 1006 suecessoribus
830 938 929 1005 libere
946 939 997 1005 cni
1016 937 1173 1005 voluerint
1194 938 1521 1017 conterendas3sa1vo
1543 954 1592 1015 eo,
1618 934 1647 1000 si
1668 931 1751 1001 forte
1773 951 1829 1016 per
1849 933 1988 1015 gmcinm

434 1040 554 1109 donnini
575 1039 660 1124 Pope
680 1039 802 1125 aliquid
823 1045 935 1124 potero
954 1040 1078 1107 babere.
1123 1039 1285 1106 Mnuncio
1307 1040 1407 1105 eciam
1428 1039 1516 1105 omni
1537 1036 1728 1104 ordinationi
1743 1034 1919 1118 spiritualis
1942 1034 1989 1100 iu·

434 1142 489 1222 ris,
511 1145 578 1208 tarn
598 1139 762 1207 domorum
785 1141 1003 1224 religiosarum
1024 1159 1119 1225 quam
1143 1140 1331 1207 secularium
1352 1141 1565 1207 eeclesiarum.
1611 1137 1728 1204 innovo
1743 1137 1842 1204 eciam
1862 1136 1991 1204 liberta·

436 1250 500 1311 tcnr
521 1241 603 1310 boue
620 1243 770 1310 memorie
790 1241 1025 1327 archiepiscopo
1047 1242 1185 1310 ilenrico
1199 1261 1220 1308 a
1234 1260 1285 1308 me
1299 1241 1408 1308 datam
1422 1249 1456 1309 et
1471 1243 1572 1326 ipsius
1586 1240 1817 1309 successoribus
1831 1246 1865 1306 et
1878 1237 1991 1306 suffra·

435 1344 545 1430 ganeis
567 1345 636 1412 eius
656 1342 828 1429 eorumque
845 1345 1087 1426 successoribus,
1110 1352 1144 1412 et
1165 1363 1250 1411 nunc
1270 1344 1402 1411 eandem
1425 1345 1458 1410 in
1478 1350 1566 1413 terra
1579 1363 1673 1429 quam
1688 1343 1833 1427 possideo
1848 1347 1882 1410 et
1895 1360 1990 1425 quam
2044 1387 2050 1404 .

435 1446 528 1514 iustis
549 1445 650 1513 modis
671 1446 847 1528 acquisiero
868 1444 1003 1527 contem,
1025 1465 1087 1531 qne
1109 1447 1183 1514 talis
1205 1451 1269 1513 est:
1298 1447 1506 1529 Ascripticios
1528 1448 1674 1513 villarum
1698 1445 1828 1514 ecclesie
1848 1444 1882 1510 in
1904 1443 1992 1511 nullo

436 1566 512 1617 casn
531 1567 589 1616 nec
611 1568 632 1616 a
651 1567 703 1615 me
721 1566 818 1615 neca
839 1548 1019 1615 castellionis
1039 1549 1118 1617 meis
1141 1566 1197 1615 sen
1219 1547 1412 1631 quibuslibet
1434 1547 1580 1616 beneficis
1609 1548 1741 1616 iudicari
1772 1548 1854 1629 volo,
1882 1565 1920 1614 eo
1943 1554 1992 1615 ta·

436 1669 508 1720 men
528 1657 669 1734 excepto,
691 1649 776 1734 qnod
797 1648 889 1717 liberi
911 1649 1061 1732 homines,
1084 1669 1147 1718 non
1169 1650 1309 1735 hospites
1331 1649 1385 1716 sed
1403 1650 1562 1736 'indigene
1591 1650 1683 1718 villas
1713 1650 1916 1717 ecclesiarum
1943 1650 1991 1716 in·
2086 1706 2088 1711 .

436 1751 626 1833 habitantes¹
649 1770 755 1819 corarn
775 1770 827 1818 me
848 1756 973 1818 tanturn
996 1753 1087 1820 citati
1109 1752 1329 1836 respondeant,
1349 1759 1383 1819 et
1404 1752 1464 1820 hoc
1485 1754 1519 1820 in
1541 1755 1666 1837 signnm
1686 1752 1832 1833 dominii;
1854 1759 1889 1819 et
1909 1751 1938 1818 si
1958 1753 1991 1819 in

436 1854 542 1940 adque
569 1853 790 1937 condempnati
815 1853 942 1935 ineunt
968 1854 1222 1939 archiepiscopus
1250 1855 1382 1939 recipiat
1410 1855 1674 1923 incastellatam
1701 1854 1877 1937 Znegnensi
1905 1860 1939 1920 et
1958 1855 1991 1920 in

435 1957 518 2025 riiiia
539 1957 708 2043 inquibus
730 1974 804 2024 suas
825 1956 977 2025 locaverit
998 1958 1111 2026 curias.
1156 1957 1190 2024 Si
1212 1965 1319 2024 autern
1340 1957 1460 2025 solacio
1482 1957 1522 2025 ad
1552 1976 1666 2042 penam
1688 1955 1852 2023 duodecim
1870 1975 1992 2023 marca·

436 2079 507 2128 rum
527 2060 701 2127 excreverit
722 2064 756 2125 et
773 2076 881 2143 supra,
904 2076 975 2126 cum
993 2060 1073 2128 duce
1091 2061 1194 2144 ipsam
1208 2060 1361 2141 dimidiet,
1384 2066 1418 2127 et
1432 2061 1491 2129 hoc
1505 2067 1630 2128 tanturn
1649 2060 1683 2125 in
1698 2059 1816 2141 liberis,
1838 2065 1875 2125 ut
1893 2077 1992 2144 supra

435 2162 588 2247 scripturn
608 2166 668 2228 est.
712 2159 875 2228 Renuncio
896 2160 992 2228 etiarn
1013 2180 1071 2246 pro
1100 2180 1151 2229 me
1172 2169 1207 2229 et
1234 2162 1467 2231 successoribus
1490 2164 1569 2230 meis
1595 2161 1814 2230 consuetudini
1840 2179 1937 2246 quam
1958 2162 1990 2227 in

436 2263 641 2333 castellatura
662 2262 838 2346 Znegnerrsi
859 2263 1051 2331 transeundo
1069 2263 1239 2331 habebam:
1261 2265 1295 2331 in
1317 2283 1357 2333 ea
1377 2266 1481 2333 tribus
1501 2265 1612 2332 (liebus
1633 2264 1738 2331 smndi
1759 2270 1794 2331 et
1807 2263 1942 2348 vectigal
1955 2269 1989 2330 et

435 2383 604 2451 expensam
624 2364 813 2450 accipiendi;
840 2366 889 2435 ita
910 2366 994 2451 quod
1020 2385 1151 2452 prorsus
1177 2366 1218 2435 ab
1247 2367 1306 2435 hac
1331 2369 1485 2435 servitute
1511 2367 1748 2434 castellaturam
1778 2367 1993 2450 Zuegnensem

436 2468 570 2536 liberam
592 2466 682 2536 iacio.
728 2465 845 2534 Omnes
866 2486 940 2535 vero
962 2469 1134 2553 ascripticii
1155 2488 1175 2536 a
1197 2471 1351 2537 servitute
1371 2488 1434 2553 que
1454 2469 1573 2538 dicitur
1594 2486 1702 2553 povor,
1735 2467 1862 2552 precor,
1885 2487 1991 2549 norae,

436 2576 578 2653 nectara,
601 2568 734 2655 pretori,
756 2569 911 2637 immunes
931 2568 1019 2638 liant
1054 2563 1173 2654 'Equos
1192 2569 1330 2653 ducales
1353 2590 1457 2653 canos,
1487 2571 1716 2653 mordaciores,
1740 2571 1930 2639 ialconarios
1960 2577 1994 2638 et

436 2674 636 2756 carcerarius,
658 2692 715 2757 per
743 2673 837 2740 villas
865 2673 996 2741 ecclesie
1023 2691 1086 2739 non
1109 2679 1251 2757 pascant
1295 2673 1347 2740 ad
1367 2673 1600 2741 edificaaonem
1627 2679 1802 2742 castrorum
1823 2693 1887 2742 non
1908 2692 1993 2742 corn·

436 2776 606 2863 pellantur,
628 2781 736 2861 preter
756 2774 837 2842 iliud
857 2775 918 2843 snb
938 2793 1001 2861 quo
1023 2781 1161 2843 manent
1207 2775 1352 2844 Gonoevm
1373 2776 1475 2843 eciam
1494 2775 1595 2843 eidem
1622 2775 1858 2861 archiepiscopo
1884 2784 1920 2844 et
1940 2795 1993 2845 ca·

436 2879 557 2948 nonicis
578 2877 816 2947 Gneznensibns
834 2898 893 2964 pro
914 2878 1059 2964 dammis
1079 2897 1141 2963 que
1162 2879 1208 2945 eis
1230 2897 1288 2962 per
1307 2897 1454 2962 guerram
1475 2885 1618 2947 nostram
1637 2885 1713 2946 sunt
1734 2879 1834 2960 illata,
1856 2884 1895 2945 nt
1916 2897 1993 2963 gen·

437 2989 486 3050 ta
517 2986 684 3050 aemes
716 2981 852 3048 nuent
880 2986 914 3049 a
942 2982 975 3048 in
1000 2981 1084 3047 vrnrs
1110 2980 1314 3048 ceterarum
1341 2981 1456 3063 recent,
1491 2983 1546 3066 qur
1581 2981 1718 3066 exempti
1750 2983 1816 3049 sint
1841 2982 1882 3048 an
1906 2981 1994 3064 amnt
2074 2996 2097 3022 .
2156 2991 2161 3003 =·

438 3084 589 3170 obscqmo
610 3090 644 3151 et
664 3082 818 3151 servitute
838 3091 946 3169 preter
964 3083 1023 3151 boc
1044 3083 1156 3164 solum,
1178 3081 1263 3169 qnod
1285 3084 1313 3149 si
1327 3101 1389 3168 que
1402 3091 1513 3168 gentes
1525 3084 1699 3151 dominium
1713 3102 1816 3151 meum
1831 3083 1994 3164 invadant,

437 3186 530 3254 simul
563 3203 685 3254 mecum
714 3186 756 3253 ad
782 3186 990 3254 resistendum
1017 3188 1064 3254 eis
1094 3191 1273 3254 occurrant.
1318 3184 1385 3253 iiec
1411 3193 1518 3254 autem
1546 3194 1584 3253 nt
1603 3189 1763 3272 perpetua
1785 3185 1995 3279 et'jinviolata

438 3308 459 3357 a
480 3307 530 3358 me
551 3294 586 3357 et
606 3288 743 3374 posteris
763 3289 843 3357 meis
865 3290 1051 3370 consistant,
1073 3289 1251 3372 iuramento
1273 3287 1421 3356 ooniirmo
1448 3296 1482 3356 et
1501 3289 1673 3358 munimine
1694 3288 1790 3374 sigilii
1804 3291 1866 3356 mei
1888 3307 1994 3357 corro-

438 3390 524 3459 boro.
568 3391 614 3458 Et
632 3390 675 3460 ad
695 3391 798 3459 maius
818 3389 915 3458 mbur
932 3390 1147 3458 fideiussorem
1169 3408 1252 3476 pono
1273 3392 1386 3459 ducem
1407 3391 1593 3460 Pomoranie
1615 3392 1854 3478 Zvatopellrunt
1888 3391 1924 3460 si
1938 3410 1994 3461 au·

439 3499 503 3562 tem
521 3491 630 3578 aliquo
650 3491 744 3560 modo
764 3493 824 3561 bec
852 3491 1010 3560 violavero
1036 3500 1070 3560 et
1096 3492 1185 3560 fuero
1220 3493 1441 3578 conprobatus,
1476 3493 1620 3562 dominns
1646 3495 1900 3580 archiepiscopus
1926 3495 1995 3563 sine

439 3595 524 3664 omni
541 3613 613 3663 meo
633 3594 823 3680 impmpen'o
846 3613 898 3663 me
919 3595 953 3662 in
971 3594 1103 3664 eandem
1131 3595 1262 3663 mducat
1286 3597 1648 3665 excommunicationem.
1692 3597 1803 3665 Testes
1830 3604 1939 3665 autern
1960 3597 1995 3664 in

438 3715 571 3783 quorum
592 3690 755 3783 presencia
778 3698 837 3765 bec
868 3704 944 3765 sunt
971 3704 1045 3767 octa
1069 3705 1145 3765 sunt
1168 3697 1231 3764 bii:
1262 3697 1406 3765 dominus
1434 3696 1570 3766 Michoel
1597 3698 1793 3768 Cuiaviensis
1819 3699 1994 3785 episcopua,

438 3800 493 3885 qni
513 3800 575 3867 boc
594 3799 757 3884 negocium
780 3801 931 3868 tractavit
949 3805 983 3867 et
1004 3800 1044 3868 ad
1065 3801 1168 3868 maius
1191 3800 1287 3867 robur
1305 3800 1346 3867 od
1366 3818 1469 3868 meam
1488 3801 1676 3885 peticionem
1697 3801 1800 3887 sigillo
1822 3820 1879 3869 suo
1902 3801 1994 3870 mbo-

438 3901 538 3983 ravit3
569 3900 767 3970 Domamdus
798 3902 989 3970 castellanus
1021 3902 1061 3970 de
1092 3902 1187 3985 Uace,
1219 3901 1412 3970 Dirsicraius
1444 3903 1539 3972 iudex
1572 3906 1668 3987 curie,
1701 3905 1827 3986 Petrus,
1855 3904 1993 3990 linguar.

438 4005 555 4072 Actrnn
577 4003 610 4071 in
632 4004 737 4074 Nakel
757 4005 912 4074 dominice
933 4006 1168 4074 incarnacionis
1185 4025 1269 4075 anno
1292 4005 1569 4074 machmit

543 4225 745 4311 Znegnensls
767 4230 805 4293 de
827 4216 916 4295 Zara.
959 4226 1053 4303 Uace,
1082 4229 1193 4309 wirte,
1213 4225 1328 4309 Nelei,
1349 4208 1454 4292 homo.
