4574 6240
745 463 794 537 no
2084 530 2093 579 ἴ

742 662 857 748 aliquis
879 664 1083 732 mlmittatur:
1107 673 1143 732 tu
1164 665 1222 732 lice
1243 665 1360 733 etalio
1382 665 1489 732 voletis
1511 666 1668 749 corrigere
1696 666 1786 732 iuxta
1813 663 1909 730 oflicii
1931 663 1978 730 tui
2007 662 2149 730 debitum
2170 667 2229 736 rite
2248 681 2284 746 a]

741 785 849 834 eorum
879 768 1103 834 correctionem
1128 766 1295 851 prendere
1323 768 1483 851 incepisti;
1517 769 1572 835 sed
1598 769 1662 852 ipsi
1688 770 1864 835 arrimarum
1892 766 1996 834 salute
2021 772 2210 851 conternpta,
2232 779 2285 847 sub

741 869 963 954 appellationis
984 871 1084 955 clipeo
1106 891 1196 938 suam
1219 870 1358 938 volentes
1376 871 1533 938 malitiam
1559 871 1719 939 occultmc
1740 871 1781 937 od
1804 871 1915 939 Selom
1944 868 2152 953 apostolicum
2181 889 2285 953 prove

741 979 865 1058 canunt,
887 974 955 1058 ipso
977 975 1122 1059 opismpo
1144 974 1212 1040 loco
1235 974 1374 1056 pretione
1396 974 1551 1041 Viemnne
1573 981 1778 1057 extorquente
1799 973 1957 1058 quandam
1979 971 2145 1049 collectum
2164 975 2285 1066 aeluro,

740 1093 836 1160 quam
858 1075 989 1161 prelatis
1010 1075 1267 1160 procuratoribus
1287 1076 1354 1142 suis
1375 1076 1508 1144 tradidit
1534 1094 1592 1160 pro
1619 1077 1775 1160 expensis,
1795 1095 1929 1161 quorum
1949 1073 2153 1158 appellationi
2175 1075 2215 1143 ob
2234 1099 2285 1150 na

742 1183 844 1246 stram
864 1181 1072 1247 reverentiam
1093 1178 1256 1245 humiliter
1276 1179 1429 1260 detulisti,
1452 1197 1515 1244 non
1537 1197 1599 1262 que
1620 1184 1686 1259 tua,
1708 1179 1764 1245 scd
1786 1197 1847 1262 que
1868 1177 1964 1245 Ihesu
1983 1177 2104 1244 christi
2118 1187 2200 1259 sunt,
2216 1199 2285 1265 qua

740 1297 811 1348 rere
832 1286 865 1348 te
883 1282 1065 1363 ostendens3
1085 1287 1214 1367 propter
1236 1280 1320 1365 quod
1341 1279 1436 1346 iidem
1455 1290 1676 1363 procuratores
1699 1282 1747 1348 tui
1768 1300 1807 1348 ex
1827 1289 1918 1365 parte
1937 1287 1993 1346 tua
2014 1279 2105 1347 nobis
2131 1279 2284 1358 humiliter

740 1384 967 1470 supplicarunt,
989 1390 1027 1453 ut
1048 1386 1089 1452 nd
1111 1385 1335 1452 correctionem
1349 1383 1550 1467 episcopatus
1564 1384 1697 1468 predicti
1711 1382 1957 1451 misericorditer
1970 1383 2171 1468 dignaremur
2183 1395 2285 1461 nostro

679 1507 681 1512 ’
741 1487 927 1572 provisionis
949 1489 1055 1556 oeulos
1077 1488 1237 1555 inclinare.
1283 1486 1364 1553 Cum
1386 1487 1484 1568 igtur
1505 1485 1674 1554 mndndis
1704 1487 1865 1571 predictus
1885 1486 1944 1553 hec
1964 1493 1998 1553 ct
2019 1486 2083 1554 alia
2105 1505 2165 1569 que
2186 1507 2285 1564 coram

741 1607 779 1658 eo
802 1590 890 1659 fuero
915 1593 1078 1677 proposita
1102 1591 1192 1659 nobis
1216 1591 1353 1657 fideliter
1382 1588 1552 1670 retulisset,
1576 1607 1634 1656 nos
1655 1590 1689 1655 in
1718 1589 1778 1656 hac
1804 1594 1897 1673 parte
1923 1587 1981 1655 tibi
2006 1587 2129 1654 deiene
2153 1591 2286 1665 volentes

589 1757 593 1765 .
740 1690 934 1760 neemiae
957 1700 1011 1761 tue
1032 1713 1089 1778 per
1109 1693 1284 1778 apostolica
1305 1692 1425 1775 scripta
1446 1691 1642 1774 mandamus,
1664 1697 1822 1776 quatenns
1844 1691 1885 1759 ad
1914 1693 2140 1758 correctionem
2160 1692 2286 1768 domis

740 1792 899 1861 Plocensis
919 1795 1008 1862 iuxta
1032 1796 1232 1863 commissum
1261 1793 1319 1861 tibi
1349 1793 1517 1877 legationis
1549 1793 1685 1861 officium
1711 1793 1883 1861 secundum
1909 1793 2076 1862 mnoniens
2105 1797 2285 1880 mactiones,

740 1900 774 1964 et
795 1898 961 1981 presertim
981 1898 1072 1965 iuxta
1089 1899 1330 1966 constitutiones
1353 1896 1486 1963 Concilii
1506 1897 1662 1980 generalis
1683 1897 1846 1981 prescias,
1868 1902 1942 1963 mos
1962 1915 2026 1963 non
2044 1897 2204 1982 negligens
2222 1904 2286 1986 qn-

739 1997 799 2067 uus
816 2000 996 2084 specialiter
1016 2020 1051 2069 es
1068 2003 1230 2082 astrictus,
1252 2000 1433 2083 habensque
1460 1999 1494 2065 iu
1528 1999 1673 2066 omnibus
1699 1999 1870 2067 Dominum
1898 2017 1956 2084 pre
1981 1999 2081 2067 oculis
2103 2008 2136 2068 et
2158 2020 2242 2085 pem
2260 2034 2281 2062 ·:

740 2119 823 2186 equa
843 2100 933 2170 unce
952 2104 986 2169 in
1003 2104 1122 2171 statim
1142 2104 1250 2170 iudicii
1272 2103 1418 2169 universa
1439 2120 1520 2185 pura
1541 2107 1647 2169 mente
1666 2121 1705 2169 ac
1731 2103 1876 2187 simplici,
1906 2104 1992 2169 omni
2017 2102 2135 2171 nebda
2154 2102 2286 2175 obscuri·

742 2203 819 2271 tatis
840 2205 976 2288 exclusa,
998 2225 1055 2290 per
1074 2207 1159 2274 dam
1179 2207 1297 2289 regiam
1325 2203 1496 2289 gradiendo
1526 2223 1590 2271 non
1616 2205 1753 2272 declines
1779 2204 1821 2271 ad
1850 2204 2014 2272 dexteram
2042 2205 2093 2272 vel
2122 2205 2198 2272 sinis
2236 2239 2270 2267 ιη

741 2307 789 2374 ita
808 2307 893 2392 quod
914 2308 1034 2376 viarum
1057 2316 1184 2377 tuarum
1206 2309 1320 2375 semita
1340 2308 1374 2374 in
1399 2314 1571 2391 conspeetu
1591 2306 1651 2374 Dei
1677 2312 1712 2374 et
1740 2307 1903 2374 hommum
1927 2309 2020 2391 quasi
2048 2307 2105 2374 lux
2130 2307 2274 2391 splendes

741 2412 775 2476 et
795 2427 895 2494 usque
916 2410 957 2477 ad
978 2410 1061 2478 diem
1082 2411 1257 2496 perlectum
1278 2416 1439 2477 crement
1460 2408 1597 2493 amplius
1618 2409 1653 2476 in
1672 2409 1805 2495 fulgore,
1835 2428 1957 2494 nosque
1983 2409 2024 2478 de
2046 2417 2080 2478 te
2101 2409 2198 2478 nichil
2216 2411 2274 2479 sim

741 2498 843 2579 strum
864 2511 1000 2595 medere,
1022 2515 1078 2581 sed
1096 2515 1135 2583 de
1158 2515 1221 2581 tuis
1243 2513 1400 2598 possimos
1419 2510 1512 2578 bonis
1532 2510 1656 2578 actibus
1676 2512 1815 2595 gloriari
1854 2511 1975 2580 Datum
1995 2512 2096 2581 Rome
2116 2512 2201 2598 apud
2218 2532 2285 2582 san·

741 2619 829 2685 ctum
849 2614 980 2684 Petrum
997 2616 1074 2685 XVI
1095 2616 1257 2687 Kalendas
1277 2615 1362 2697 Iulii,
1384 2611 1588 2698 pontificatus
1608 2615 1711 2683 nostri
1731 2635 1814 2685 anno
1836 2614 1983 2684 secundo.

1404 2912 1480 3001 Nr.
1514 2909 1612 3000 103.
1657 2962 1659 2966 =

843 3108 1028 3194 Honorius
1061 3109 1125 3214 Pp.
1160 3108 1226 3193 111
1258 3111 1381 3192 1218
1413 3106 1503 3193 lun
1537 3108 2286 3217 22,mmapuonnetum1³euun;

695 3311 697 3314 Α
742 3228 816 3298 duci
837 3229 878 3299 de
897 3230 1005 3299 Kalisz
1027 3231 1192 3300 ecelesiam
1205 3230 1292 3300 beati
1305 3230 1398 3300 Pauli
1418 3228 1460 3298 de
1479 3229 1589 3298 Kalisz
1609 3229 1670 3298 sub
1689 3232 1917 3316 pmeeuonn
1933 3232 1966 3302 b.
1987 3231 2076 3300 Petri
2097 3238 2132 3300 et
2151 3249 2240 3300 suam
2261 3259 2287 3289 νγ

740 3333 915 3418 suscepisse
937 3332 1102 3419 signidem

847 3439 984 3520 meae,
1011 3439 1207 3504 amona
1226 3441 1328 3504 noro.
1350 3442 1496 3504 olonae
1518 3441 1546 3516 r,
1568 3441 1620 3505 re.

843 3639 1004 3711 Honorius
1029 3643 1194 3729 episcopus
1223 3643 1317 3729 (ele),
1343 3643 1459 3711 dilecto
1485 3643 1550 3710 lilio
1576 3641 1675 3711 nobili
1700 3642 1768 3710 niro
1793 3641 1846 3710 W.
1867 3641 1941 3711 duci
1961 3641 2002 3712 de
2019 3641 2114 3711 Kalis
2134 3643 2287 3712 rmum

741 3743 872 3826 accloeic
897 3745 983 3815 beati
1006 3746 1098 3814 Pauli
1126 3748 1167 3816 de
1194 3747 1297 3830 Kalis,
1326 3747 1461 3815 salutem
1490 3754 1585 3826 (eta).
1629 3744 1719 3814 Solet
1742 3764 1882 3814 annuere
1909 3756 1979 3825 (etc
2012 3750 2124 3830 mmor)
2160 3765 2235 3803 aa·
2248 3772 2270 3802 2·

741 3846 905 3917 ecclesiam
926 3849 1011 3917 beati
1032 3849 1122 3918 Pauli
1143 3850 1184 3917 de
1204 3849 1295 3918 Kalis
1317 3868 1375 3918 nec
1396 3868 1460 3918 non
1481 3854 1515 3917 et
1536 3865 1687 3935 personas
1707 3849 1743 3916 in
1763 3868 1803 3917 ea
1823 3849 1961 3916 manino
1987 3847 2195 3932 famulantes,
2221 3868 2239 3917 e
2267 3877 2280 3904 ιι

740 3951 885 4020 omnibns
907 3971 968 4036 que
988 3952 1261 4036 impresentiarum
1282 3952 1515 4020 rationabiliter
1535 3951 1677 4036 possidat
1696 3958 1755 4020 aut
1775 3953 1810 4019 in
1829 3952 1974 4020 futurum
1994 3953 2087 4020 iustis
2106 3952 2243 4037 modisp
2265 3978 2286 4007 ι

740 4059 847 4123 stante
868 4053 1002 4121 nomino
1023 4056 1142 4138 poterit
1159 4055 1301 4139 adipisci,
1320 4056 1380 4123 sub
1405 4055 1492 4123 beati
1518 4055 1605 4122 Petri
1630 4060 1665 4122 et
1693 4060 1804 4122 nostra
1830 4055 2033 4140 protectione
2051 4056 2238 4141 suscipimus
2257 4071 2287 4120 c·

742 4157 899 4241 presentis
919 4158 1029 4241 scripti
1048 4158 1225 4241 patrocinio
1246 4158 1483 4225 communimus.
1511 4157 1601 4224 Nulli
1622 4175 1698 4241 ergo
1719 4159 1807 4243 (etc.)
1828 4163 1937 4224 nostre
1957 4159 2163 4243 protectionis
2183 4156 2276 4224 iniria

740 4276 823 4344 gera
868 4257 902 4326 Si
924 4261 994 4344 quis
1015 4266 1123 4328 autem
1141 4259 1237 4346 (etc).
1277 4259 1397 4327 Datum
1419 4260 1520 4328 Rome
1544 4260 1630 4345 apud
1653 4265 1799 4328 sanctum
1825 4260 1956 4328 Petrum
1976 4260 2008 4328 X
2027 4260 2189 4330 Kalendas
2208 4258 2278 4328 Iulii

741 4360 945 4448 pontificatus
965 4364 1066 4431 nostri
1087 4382 1169 4431 anno
1191 4361 1233 4431 11.

844 4565 946 4651 Ralla,
967 4572 1079 4634 Kaeez.

1412 4765 1486 4850 nr.
1521 4735 1619 4850 1044

844 4957 985 5042 Paulus
1010 4959 1251 5044 Pomaniens.
1286 4963 1441 5065 episcop.
1476 4962 1799 5058 rerepente,
1828 4983 1858 5042 s.
1884 4962 1927 5060 1.;
1958 4979 2125 5049 emmer
2154 4979 2270 5047 nonan

741 5099 814 5146 nem
834 5080 985 5148 ecclcsiae
1004 5101 1029 5147 s.
1053 5081 1217 5148 Michaelis
1239 5089 1273 5149 et
1294 5083 1461 5168 hospitalis
1479 5084 1513 5150 in
1535 5083 1672 5165 lomna,
1696 5102 1767 5151 cunr
1788 5081 1918 5150 ‹loeimis
1933 5085 2131 5167 quarundam
2151 5084 2279 5150 rillarun

737 5201 764 5251 wa
784 5182 955 5251 Raelovam
976 5185 1134 5267 quondam
1155 5186 1302 5270 episeopo
1322 5186 1531 5255 Poanauiensi
1550 5194 1583 5253 et
1603 5186 1684 5254 duce
1706 5186 1854 5253 diacone
1877 5186 1993 5254 Domm
2011 5186 2190 5272 Hospitalis
2210 5186 2259 5252 ler

742 5284 914 5354 solimitani
948 5286 1081 5368 collatis,
1103 5305 1161 5354 nec
1193 5307 1256 5354 nou
1288 5289 1499 5372 praebendam
1529 5290 1562 5356 in
1584 5307 1644 5356 sua
1663 5288 1807 5372 ualeam
1835 5288 1877 5357 ab
1898 5289 2039 5359 arnoldo
2057 5290 2258 5375 pinnedene-sao

744 5405 803 5454 suo
824 5387 926 5455 eidem
947 5388 1062 5456 Donum
1084 5408 1273 5458 woccaram.
