4574 6240
590 455 663 530 noo
685 556 688 562 Ι

584 656 668 724 sonti
689 654 804 741 puginu
823 656 917 725 scribi
940 655 1069 724 fecimus
1087 656 1129 724 uel
1150 658 1305 725 eoutelnm
1324 665 1357 727 et
1378 659 1463 727 bullo
1484 663 1592 728 nostru
1619 659 1790 728 munimine
1817 659 1970 728 roborori.
2016 658 2147 733 Dutnm·

586 757 723 829 viterbo
744 758 822 827 XIII
842 759 1002 829 Kalendas
1023 761 1153 846 Aprilis,
1175 762 1377 846 pontificatus
1399 765 1500 831 nostri
1521 782 1604 832 uuno
1626 770 1750 849 quarto.

690 964 809 1049 unere
838 944 957 1048 renue.
1123 927 1127 934 ’

1053 1099 1057 1106 ¹
1257 1163 1331 1251 Nn.
1367 1159 1465 1250 108.

688 1358 872 1444 Honblillss
898 1358 1053 1463 1³1).OE
1079 1363 1219 1442 1220
1246 1359 1333 1442 Mai.
1359 1362 1430 1458 18,
1456 1360 1634 1464 Vlterbil3
1661 1376 1792 1445 mundet
1807 1379 1954 1463 episcopo
1975 1386 2010 1449 et
2029 1381 2138 1450 ubbeti

583 1482 696 1552 besue
713 1479 835 1548 Murice
855 1479 1166 1560 Vrutisluviensibus,
1189 1477 1335 1564 Copitulo
1358 1479 1536 1548 Gnezneusi
1556 1479 1733 1576 iniungant,
1753 1486 1791 1546 ιιι
1804 1481 1907 1548 virum
1933 1481 2079 1551 idoneum
2101 1485 2135 1554 in

584 1590 745 1672 postorum
765 1581 871 1668 eliget

693 1689 828 1764 Ιιιιιιιιν,
851 1687 1047 1752 simmaa
1068 1687 1170 1751 butor.
1193 1689 1337 1752 Polonr'oc
1360 1689 1390 1768 Ῑ,
1411 1687 1464 1750 22.

688 1889 847 1961 Honorius
868 1892 1033 1978 episeopus
1054 1897 1149 1973 (ιιι),
1169 1890 1339 1959 venerabili
1359 1889 1452 1958 butri
1472 1941 1481 1957 .
1505 1943 1513 1957 .
1534 1891 1680 1977 episeopo
1698 1897 1733 1960 et
1752 1891 1870 1961 dilecto
1891 1891 1957 1961 filio
1972 1941 2007 1960 ..
2029 1891 2138 1963 ebbeti
2228 1914 2234 1928 ·

586 1999 695 2066 soncte
715 1993 817 2063 Mune
837 1993 1147 2063 Wrstislsviensibus
1168 1994 1302 2061 sulutem
1324 1999 1421 2072 (ete).
1443 1992 1586 2061 Vecsnte
1601 1990 1781 2061 Gneznensi
1802 1993 1944 2076 eeclmie,
1966 1995 2138 2065 venerabili

585 2097 807 2166 fractumue
828 2148 836 2165 .
861 2148 869 2165 .
892 2095 1092 2165 cracoviensi
1110 2096 1257 2180 episcopo
1279 2102 1354 2163 note
1375 2095 1543 2180 probitatis
1568 2102 1602 2163 et
1623 2095 1707 2164 clere
1728 2095 1812 2166 lume
1832 2097 1901 2166 vim
1922 2097 2069 2167 duximus
2089 2101 2149 2167 in·'

585 2200 786 2288 lungendum,
806 2206 844 2267 ut
863 2205 1039 2268 assumeret
1056 2218 1136 2267 onus
1156 2199 1317 2284 regiminis
1337 2199 1468 2268 ecclesie
1488 2205 1670 2267 memorate
1711 2198 1841 2284 Verum,
1867 2200 1944 2285 quis
1967 2200 2051 2269 idem
2073 2202 2139 2288 epi.
2278 2233 2279 2238 ,

585 2322 699 2391 scopus
718 2304 891 2390 postulavit
911 2305 1068 2372 instsntm
1088 2321 1129 2370 ne
1146 2302 1180 2371 id
1201 2302 1306 2371 oneris
1326 2303 1556 2386 imponeremus
1576 2300 1693 2385 eidem,
1725 2319 1784 2371 nos
1804 2302 1978 2387 provisioni
1999 2304 2138 2374 eiusdem

584 2405 716 2477 ecclesie
737 2414 828 2476 tanto
848 2406 1020 2475 studiosius
1042 2406 1243 2474 intendentes
1264 2411 1384 2491 quanto
1406 2423 1446 2472 ex
1464 2402 1589 2472 delectu
1610 2405 1747 2489 pastoris
1775 2404 1946 2473 melonibus
1966 2405 2138 2492 dependis

584 2508 702 2579 bibitur
722 2509 891 2592 subiecere,
913 2510 1095 2578 demetiens
1116 2514 1221 2576 vestre
1242 2526 1299 2592 per
1319 2507 1495 2592 apostolice
1514 2507 1635 2591 scripte
1655 2506 1855 2591 mundemus,
1876 2514 2034 2594 quotenus
2055 2512 2138 2578 eius·

584 2610 657 2682 dcun
676 2610 858 2698 Cupitulum
878 2613 1072 2680 suctoritute
1090 2617 1201 2680 nostre
1221 2617 1429 2679 convocantes
1449 2610 1491 2676 ed
1512 2610 1615 2678 locum
1637 2617 1867 2695 competentem
1888 2618 1923 2681 et
1944 2619 2061 2697 tutum,
2090 2614 2138 2681 ln·

584 2714 723 2800 longetis
745 2715 871 2796 eisdem,
894 2720 931 2782 ιιι
943 2714 984 2782 de
998 2732 1133 2799 persons
1148 2732 1210 2799 que
1224 2713 1403 2782 bninsmodi
1421 2719 1574 2798 congruet
1587 2713 1676 2782 oneri
1689 2719 1723 2780 et
1737 2713 1864 2798 honori,
1878 2714 1941 2783 sibi
1954 2715 2140 2801 pmvideeut

584 2814 668 2885 inlru
685 2816 896 2902 qummgints
922 2816 990 2885 dies
1022 2822 1192 2901 postquam
1219 2835 1241 2884 s
1267 2816 1355 2884 vobis
1381 2816 1561 2884 commoniti
1586 2814 1705 2884 fuerint
1729 2818 1878 2886 mnonice
1905 2817 1941 2885 in
1969 2824 2137 2904 pastorem

585 2917 675 3001 Quod
696 2918 826 2988 silorte
846 2938 910 2989 non
930 2918 1073 3003 fecerint,
1102 2937 1158 2987 vos
1176 2923 1301 3001 extunc,
1324 2938 1364 2986 ne
1382 2917 1542 3003 sepedicta
1562 2916 1695 2986 ecclesie
1721 2916 1842 2987 diutim
1865 2918 2032 2989 viduitatis
2054 2921 2139 2989 inco·

586 3019 681 3090 mods
699 3022 852 3106 potietur,
871 3039 1037 3107 personum
1059 3027 1150 3090 tento
1173 3028 1396 3105 congruentem
1418 3019 1520 3088 effide
1541 3020 1732 3089 anctoritate
1753 3027 1874 3104 nostru,
1890 3020 2016 3091 subluto
2031 3023 2139 3108 eppel·

585 3122 715 3192 udonis
736 3122 910 3206 obstaculo,
931 3124 1104 3209 proficietis
1125 3122 1237 3204 eidem,
1252 3123 1499 3191 contradictores
1513 3140 1748 3208 percensuram
1763 3124 2018 3207 ecclesiasticum,
2032 3125 2139 3209 oppel·

584 3223 705 3295 lutionc
726 3226 912 3312 postposito,
935 3233 1179 3312 compescentes.
1223 3225 1314 3306 Quod
1339 3228 1368 3294 si
1395 3246 1459 3295 non
1480 3225 1583 3308 umbo,
1613 3226 1696 3295 ulter
1716 3233 1857 3297 vestrum
1879 3234 1976 3308 (etc).
2021 3227 2139 3296 Datum

488 3369 490 3372 >
585 3325 723 3398 Viterbii
743 3327 793 3397 III
813 3327 889 3397 Idus
908 3328 998 3411 bluii,
1020 3348 1105 3397 euno
1126 3336 1252 3415 quarto.

1257 3629 1333 3715 Nn.
1367 3624 1466 3712 109.

687 3822 873 3908 Honorius
898 3821 962 3926 Pp.
987 3824 1053 3907 III
1079 3829 1220 3909 1220
1248 3827 1321 3910 Ott-
1346 3830 1392 3921 ὃ,
1418 3823 1598 3928 VltorbiI3
1632 3841 1781 3929 cepimlo
1813 3842 1993 3911 dinanensi
2028 3849 2138 3911 notum

584 3944 671 4031 lucit,
693 3946 779 4031 qnod
796 3946 983 4015 examinatis
1005 3946 1215 4029 quuiuubus
1229 3938 1397 4013 ¹llineentii
1424 3946 1607 4031 praepositi,
1636 3945 1823 4014 electionem
1851 3946 1951 4031 ipsius
1977 3946 2011 4012 in
2037 3944 2139 4012 mebi-

584 4048 767 4135 epuopum
792 4048 918 4117 nuent
943 4049 1183 4118 montensem.

694 4154 832 4235 mese,
855 4155 1049 4220 summense
1069 4156 1172 4219 butor.
1197 4157 1339 4220 Polouioc
1363 4155 1391 4234 I,
1414 4153 1465 4216 23.

688 4354 849 4426 Honorius
867 4357 1032 4442 episcopus
1054 4364 1150 4438 (ιιι),
1172 4357 1297 4425 dilectis
1321 4356 1395 4424 liliis
1416 4354 1564 4441 Capitulo
1591 4357 1772 4426 Gncznensi
1793 4356 1929 4425 sulutem
1950 4355 2046 4445 (ιιι).
2090 4356 2139 4424 Ex

431 4469 434 4474 ·
583 4458 700 4528 litteris
718 4458 904 4527 venerabilis
926 4457 1034 4526 fratris
1057 4460 1158 4526 nostri
1182 4510 1190 4527 .
1214 4509 1222 4527 .
1245 4459 1384 4544 episcopi
1411 4464 1445 4527 et
1467 4458 1575 4527 dilecti
1601 4457 1660 4525 filii
1685 4506 1694 4524 .
1718 4510 1726 4527 .
1752 4459 1878 4527 obbatis
1903 4465 2014 4528 saneto
2038 4459 2140 4527 blnric

583 4560 890 4629 Wrutislnviensium
911 4559 1001 4627 nobis
1022 4561 1171 4642 innotuit,
1195 4562 1280 4646 quod
1301 4581 1373 4629 cum
1395 4562 1490 4629 iidem
1513 4562 1677 4647 episeopus
1705 4568 1738 4629 ct
1759 4562 1859 4630 obbus
1879 4561 1969 4629 vobis
1990 4569 2088 4647 pmut
2105 4563 2139 4629 in

583 4663 742 4733 mundetis
763 4682 784 4731 u
802 4662 892 4730 nobis
914 4669 1101 4747 occeperunt
1122 4664 1341 4747 iniunxissent,
1364 4671 1401 4731 ut
1422 4663 1505 4731 inim
1519 4664 1731 4750 quudmgintu
1751 4664 1820 4732 dies
1833 4671 1907 4750 post
1920 4664 2137 4734 commonitio·

583 4783 657 4835 nem
677 4765 818 4850 ipsorum
840 4765 1046 4850 provideretis
1067 4765 1157 4833 vobis
1184 4767 1224 4834 de
1252 4784 1387 4850 persons
1415 4767 1528 4834 idoneo
1553 4768 1702 4835 cononice
1730 4768 1763 4833 in
1791 4771 1966 4850 pastorem:
1999 4768 2140 4852 aloquin

583 4868 645 4955 ipsi
666 4887 705 4937 ex
726 4873 804 4936 tunc
825 4887 991 4952 personum
1011 4868 1100 4937 vobis
1121 4871 1313 4938 auctoritate
1334 4876 1446 4938 nostru
1466 4869 1654 4955 prebuerunt
1675 4867 1855 4935 huiusmodi
1871 4869 1983 4937 honori
2004 4875 2038 4938 et
2051 4870 2141 4938 oneri

584 4977 821 5057 congruentem:
844 4989 900 5037 vos
921 4971 1066 5038 invocem
1084 4970 1224 5056 Spiritus
1245 4972 1347 5040 seumi
1368 4973 1482 5057 mutio,
1512 4973 1546 5039 in
1572 4971 1723 5039 dilectum
1744 4970 1845 5038 lilium
1867 4971 2071 5039 vincentium
2090 4990 2140 5039 ee-

431 5078 443 5087 “
583 5073 678 5144 clesie
698 5079 802 5141 vostre
822 5074 972 5141 maiorem
990 5076 1195 5159 prepositum,
1214 5076 1316 5142 virum
1331 5074 1532 5156 industrium,
1550 5073 1674 5159 generis
1695 5077 1730 5141 et
1750 5091 1874 5140 morum
1888 5072 2055 5143 nobilitnte
2068 5093 2140 5159 pre·

584 5177 703 5246 clurum
724 5195 762 5245 oc
776 5175 966 5244 ›littcrnturn
990 5176 1183 5245 sufficienter
1210 5183 1368 5258 ornotnm,
1398 5194 1506 5246 omnes
1534 5175 1727 5244 unanimiter
1758 5174 1949 5243 convenistis
1976 5195 2040 5244 unu
2068 5188 2146 5244 cum

582 5277 714 5366 profetis
734 5280 880 5364 episcopo
899 5286 933 5346 et
953 5280 1068 5348 obbote
1090 5298 1210 5347 necnon
1244 5279 1474 5348 venerabilibus
1495 5277 1648 5347 fmtribus
1675 5277 1822 5345 nostris.
1847 5327 1855 5344 .
1883 5276 2084 5347 Croeovieusi
2106 5285 2140 5346 et

584 5434 593 5450 .
616 5433 625 5451 .
648 5382 854 5451 Poenuniensi
876 5382 1031 5467 episcopis
1050 5382 1104 5466 qui
1127 5382 1156 5448 ci
1178 5382 1394 5451 testimonium
1416 5381 1585 5468 perbibent
1613 5378 1653 5446 de
1674 5378 1841 5464 pretiosis,
1868 5381 1959 5449 nobis
1980 5380 2142 5449 humililer
