4574 6240
575 316 648 392 loc

570 515 613 584 ab
632 515 761 598 eisdem,
782 513 900 581 actoris
920 511 1022 580 iorum
1044 512 1135 595 sequi
1155 508 1340 593 compulsis3
1363 513 1525 594 tamquam
1546 507 1710 592 ignoretur
1730 506 1859 589 ibidem,
1881 509 1966 591 quod
1989 512 2058 583 ideo
2079 524 2122 595 vu.

570 617 723 686 diciorum
742 617 831 702 vigor
852 616 992 699 iurisque
1011 615 1129 699 publici
1152 613 1254 680 tutelo
1274 613 1318 677 sit
1339 611 1372 677 iu
1394 611 1496 679 medio
1517 611 1702 692 constituta,
1729 629 1769 678 ne
1795 611 1964 695 qnisquam
1994 616 2054 685 sibi
2074 642 2123 697 su.

571 739 657 790 more
677 721 782 790 voleat
802 720 965 788 ultionem.
1011 717 1077 785 Nos
1097 718 1195 801 igitur
1215 717 1262 782 sic
1282 714 1458 798 superbiis
1479 712 1635 798 provideri
1649 713 1792 780 debitum
1805 713 2011 797 arbitrantes,
2032 730 2124 799 uteie

573 829 665 892 muta
684 822 904 891 molestatione
924 821 1065 906 gravatis
1087 817 1304 903 respirationis
1325 816 1499 883 remedium
1524 822 1558 883 et
1579 815 1697 883 eisdem
1725 813 1921 900 principibus
1949 815 2122 898 huiusmodi

572 925 755 1014 precidotur
775 926 910 993 matoria
929 925 1126 1004 delictorum,
1146 920 1330 989 mandamus
1350 920 1509 1004 quatinus,
1534 919 1562 986 si
1587 917 1750 1005 premissis
1779 918 1899 986 veritas
1925 917 2124 1014 suffragatur,

572 1028 675 1098 dictos
689 1027 855 1114 principes.
877 1033 915 1094 ιι
936 1028 1044 1112 aliquo
1062 1023 1372 1106 consuetudineque
1393 1022 1499 1106 potius
1519 1021 1582 1089 dici
1603 1020 1698 1088 debet
1718 1019 1861 1087 conlusio
1888 1038 1952 1087 non
1982 1021 2125 1102 obstante

572 1129 614 1199 ab
634 1128 814 1197 huiusmodi
835 1130 988 1196 molestiis
1009 1129 1171 1196 hominum
1190 1127 1403 1211 predictorum
1425 1124 1465 1191 de
1486 1132 1592 1193 cetero
1613 1125 1849 1209 conquiescant,
1872 1124 2045 1192 monitione
2058 1148 2124 1213 pra

573 1230 672 1305 misso
688 1252 746 1318 por
767 1250 931 1300 censuram
946 1230 1191 1298 ecclesiasticum
1205 1229 1289 1295 sicut
1302 1228 1421 1293 iustum
1436 1224 1544 1308 inerit,
1565 1226 1777 1312 appellatione
1791 1230 1925 1308 coruom,
1945 1231 2124 1310 compellas:

573 1335 708 1420 proviso,
729 1353 770 1403 ue
791 1334 825 1401 iu
846 1339 947 1401 terras
967 1333 1124 1401 dictorum
1144 1333 1321 1417 principum
1336 1331 1667 1398 excommunicationis
1682 1330 1875 1399 senteutiam
1888 1329 1982 1398 ieras.
2010 1330 2125 1408 Datum

572 1435 746 1506 interamni
766 1435 827 1506 XV
849 1435 1009 1505 Kalendas
1028 1435 1112 1519 lulli,
1134 1434 1338 1521 pontificatus
1359 1433 1460 1501 nostri
1481 1450 1564 1501 anno
1581 1432 1714 1503 docimo.
2167 1435 2169 1440 ’

1249 1748 1326 1840 Ns.
1360 1745 1460 1838 188.

678 1946 874 2050 Gregorius
900 1946 964 2051 Pp.
989 1943 1048 2029 IX
1072 1949 1208 2028 1286
1234 1945 1325 2030 Jllil.
1350 1951 1422 2044 17,
1447 1945 1670 2048 Interamn
1686 1962 2128 2050 mandatGuiilelmoepisoo-
2251 2030 2254 2034 .

576 2086 619 2156 po
639 2067 799 2154 quondam
819 2066 1004 2150 Mutinensi,
1030 2066 1222 2150 apostolieae
1248 2064 1339 2135 Sedis
1363 2066 1480 2151 legato,
1505 2071 1543 2134 ut
1562 2065 1675 2136 ducem
1695 2065 1828 2136 Silcsiae
1847 2064 1889 2135 dc
1909 2065 2130 2139 mausum

574 2191 634 2258 pro
653 2170 778 2239 damnis
799 2169 899 2238 illatis
919 2168 1069 2238 amlesiac
1089 2167 1267 2236 (inmnensi
1284 2172 1421 2256 moueat

681 2273 821 2357 mem,
844 2274 1042 2340 limma
1062 2275 1164 2337 didos.
1184 2272 1330 2337 Polonioe
1352 2273 1382 2349 I,
1403 2272 1457 2338 dd.

677 2477 851 2565 Gregorius
872 2475 1159 2582 episcopoque),
1180 2475 1353 2544 venerabili
1374 2473 1510 2544 tratri..
1532 2476 1679 2563 episcopo
1701 2478 1861 2562 quondam
1878 2477 2056 2547 Mutinensi
2077 2500 2130 2566 pc

574 2581 758 2652 dmiccc
775 2586 886 2650 uostm
906 2581 1079 2667 apostolice
1104 2579 1196 2648 Sedis
1222 2580 1328 2664 legato
1354 2580 1491 2648 saluoem
1511 2579 1611 2668 (eta).
1655 2579 1773 2648 Dilecti
1800 2579 1859 2647 iiiii
1889 2579 2074 2667 Capitulum
2098 2590 2131 2653 ct

576 2685 678 2754 cium
699 2683 895 2752 (inmensis
915 2703 975 2751 sua
991 2683 1081 2753 nobis
1101 2684 1327 2768 conquestione
1352 2688 1619 2765 monstraverunt,
1645 2683 1731 2768 quod
1758 2702 1829 2751 cum
1856 2684 1971 2753 nobilis
1992 2686 2042 2753 uir
2067 2686 2132 2756 dux
2176 2720 2178 2724 ·

576 2787 680 2859 zlesie
700 2792 819 2856 mnam
840 2786 955 2856 nobilis
975 2787 1037 2854 visi
1056 2787 1147 2855 ducis
1167 2787 1297 2855 Potonie
1316 2786 1431 2872 grandi
1449 2787 1618 2855 comitatus
1636 2787 1778 2855 exercitu
1803 2787 1923 2872 pluries
1947 2789 2132 2857 intravisset

575 2891 755 2961 Gnemursi
782 2889 914 2959 ecclesie
939 2907 1062 2958 necnon
1089 2889 1232 2974 personis
1257 2889 1478 2959 ecclesiasticis
1500 2895 1535 2958 et
1557 2888 1789 2958 habitatoribus
1817 2889 1966 2959 villarum
1991 2891 2132 2960 eiusdem

574 2994 715 3081 dampna
733 2994 844 3080 gravia
871 2991 1043 3075 inferendo,
1074 2998 1109 3061 et
1132 2992 1320 3061 venerabilis
1347 2991 1448 3061 irater
1472 2998 1622 3061 emtas..
1652 2991 1849 3062 dumnends
1876 2992 2132 3080 archiepiscopus

576 3115 659 3180 cum,
677 3101 716 3165 ιιι
733 3094 775 3166 ab
796 3094 976 3164 huiusmodi
995 3093 1217 3163 molestatione
1238 3101 1378 3164 cesares
1396 3094 1438 3163 de
1457 3094 1603 3179 dampnis
1620 3113 1660 3164 ao
1680 3096 1830 3181 irrogatis
1849 3095 1976 3163 iniuriis
1988 3095 2132 3165 antideo

579 3199 698 3270 donem
716 3216 888 3284 congruam
908 3196 1125 3282 impendendo,
1144 3197 1265 3265 moneri
1285 3196 1397 3265 iecerit
1423 3197 1605 3282 diiigenter:
1627 3199 1696 3282 ipse
1716 3216 1782 3267 uon
1801 3198 1843 3265 ad
1856 3198 1965 3267 studia
1974 3198 2133 3284 penitudi-

580 3301 632 3373 als
651 3299 708 3371 scd
728 3300 937 3371 oavdbtionis
958 3298 1089 3385 diffugia
1108 3317 1144 3368 se
1164 3304 1349 3368 convertens
1362 3298 1405 3368 ad
1417 3317 1476 3367 uos
1488 3298 1633 3368 frivolam
1647 3300 1892 3386 appellationem
1905 3301 2022 3385 emisit,
2037 3320 2133 3387 quam

576 3405 642 3474 ism
662 3403 771 3489 elapso
791 3402 917 3471 biennio
937 3401 1086 3487 prosequi
1106 3419 1172 3469 uon
1192 3403 1323 3471 curavit
1367 3400 1499 3485 Verum,
1527 3420 1600 3470 cum
1627 3402 1672 3470 sit
1691 3402 1840 3472 indecens
1861 3407 1896 3471 et
1924 3402 2132 3488 dampnosum

575 3504 699 3576 111ιιιιιιιι
711 3505 864 3592 predictis
877 3504 1025 3574 iniuriam
1043 3503 1163 3590 ubsque
1183 3505 1371 3591 provisionis
1388 3505 1541 3590 condigne
1554 3504 1691 3574 remedio
1705 3505 1862 3591 preteriri,
1884 3504 1936 3573 vel
1947 3505 2034 3590 quod
2047 3504 2132 3574 idem

576 3607 642 3677 dux
661 3607 722 3678 sub
743 3613 836 3676 tanta
862 3607 984 3692 peceati
1004 3608 1129 3676 medua
1149 3607 1336 3693 negligatur,
1364 3607 1551 3677 mandamus
1571 3614 1737 3694 quatenus,
1759 3609 1788 3676 si
1808 3614 1859 3677 cst
1879 3609 1938 3692 ita,
1960 3608 2073 3694 ipsum,
2095 3613 2134 3675 ut

577 3708 768 3796 supradictis
787 3708 828 3778 de
848 3708 981 3796 pretatis
998 3709 1143 3794 dampnis
1164 3717 1198 3778 et
1217 3711 1343 3778 iniuriis
1363 3729 1535 3796 congruam
1555 3709 1804 3780 musiacdonem
1829 3710 2003 3797 impondat,
2031 3711 2132 3780 moni·

577 3811 665 3882 tione
684 3811 839 3899 premissa
858 3830 918 3896 per
937 3830 1102 3881 cenoman
1122 3812 1366 3882 ecclesiasticam
1387 3813 1472 3884 deut
1493 3812 1612 3881 iustum
1631 3811 1739 3896 fuerit,
1760 3813 1973 3898 appellatione
1998 3819 2131 3896 mmota,

576 3913 764 4001 cumpeilm:
782 3913 918 4000 proviso,
939 3931 981 3982 nc
1000 3913 1035 3981 iu
1055 3919 1174 3982 terrm
1195 3913 1273 3982 dieti
1293 3915 1445 4000 principis
1466 3915 1798 3983 excommnuicationis
1819 3915 2012 3984 sanandam
2037 3914 2134 3984 ieras

577 4015 698 4088 Datum
718 4015 895 4086 interamni
915 4014 976 4086 XV
996 4015 1156 4084 Kalendas
1176 4015 1261 4101 lulli,
1282 4016 1487 4102 pontificatus
1508 4017 1611 4087 nosui
1632 4034 1716 4086 enno
1734 4016 1865 4087 decimo.

1253 4312 1329 4403 Ne.
1363 4307 1465 4400 189.

683 4508 880 4614 espen
906 4507 970 4614 sp.
996 4506 1055 4592 nr
1079 4511 1217 4592 reso
1243 4509 1332 4595 sun„
1358 4514 1430 4607 17,
1461 4508 1689 4612 nomn,
1704 4527 1940 4613 „cnop-sep
1953 4526 2132 4596 omae

577 4629 730 4717 lndvdget,
752 4649 804 4715 ne,
825 4648 924 4715 quum
944 4629 1032 4715 degit
1055 4636 1147 4699 extra
1167 4648 1258 4700 suam
1284 4631 1452 4701 diocesim
1478 4631 1565 4699 ultra
1590 4629 1670 4699 duas
1696 4629 1809 4712 dietas,
1834 4631 1867 4698 iu
1893 4647 2021 4701 causam
2048 4629 2133 4699 trabi

580 4732 822 4915 Milium,
842 4839 1038 4905 diemcoieoto
1055 4841 1157 4902 dirtos
1181 4841 1325 4904 Pelusiae
1348 4840 1378 4923 1,
1400 4840 1453 4905 66.

683 5021 856 5108 Gregorius
878 5026 1041 5110 episcopus
1062 5022 1161 5109 (ιιι),
1183 5025 1354 5092 venerabili
1375 5024 1512 5093 tratri..
1534 5021 1769 5106 archiepiscopo
1797 5022 1976 5092 (lucanensi
1998 5025 2133 5093 salutm

580 5126 675 5211 (ete).
719 5125 793 5193 Etsi
814 5126 949 5196 libenter
969 5125 1150 5212 petentibus
1168 5127 1305 5210 gratiam
1324 5126 1551 5211 impendamus,
1576 5123 1726 5192 frutribus
1746 5131 1853 5193 tamen
1879 5132 1913 5194 et
1941 5128 2134 5213 coepiscopis

581 5227 702 5296 uostris
722 5229 779 5313 qui
799 5234 875 5296 sunt
896 5230 929 5297 iu
950 5236 1073 5316 purtom
1093 5229 1315 5298 sollicitudinis
1337 5230 1458 5299 evocati
1479 5248 1516 5297 eo
1538 5227 1774 5296 favorabiliores
1794 5229 1827 5295 in
1848 5230 1914 5298 suis
1926 5229 2134 5315 petitionibus
