4574 6240
1145 576 1219 661 Nu.
1256 571 1353 661 176.

583 771 815 855 wladislaus
849 771 952 855 tillus
987 774 1112 856 otonis
1140 774 1218 855 dux
1248 772 1397 856 Polonis
1431 776 1563 854 1235
1598 768 1682 854 lan
1713 773 1798 866 23,
1827 771 1870 854 in
1897 771 2033 874 Hekale

481 893 630 978 disponit,
653 893 808 976 quuomolo
830 894 963 976 piscatio
987 899 1017 976 in
1041 897 1112 962 locu
1140 894 1309 960 Ostrooitn
1335 893 1526 960 alanussio
1551 890 1738 959 cancellario
1760 890 1909 959 Fuloonis
1929 892 2033 962 archi

480 995 618 1082 episcopi
640 993 834 1061 Gnoancnsis
856 1004 889 1062 ot
911 1017 930 1062 a
953 998 1142 1064 nrosussterio
1165 998 1203 1062 do
1226 997 1429 1063 'srccmcszno
1452 998 1495 1062 sit
1515 993 1668 1061 bcicnda.
1838 1053 1844 1065 .

583 1099 722 1176 Perpau
742 1105 858 1178 crypta.
881 1121 907 1160 ro
926 1106 1010 1163 micha
1032 1104 1194 1178 uuieptcacb
1215 1104 1388 1178 przeiartp,
1408 1104 1505 1176 ptsmo
1519 1099 1641 1179 ἀνοὺηε,
1662 1105 1790 1161 caturia
1814 1098 1861 1160 Na
1875 1099 2031 1160 amoram

481 1206 583 1267 antei
598 1203 748 1278 jecmaan
772 1205 950 1279 supplaudat.
976 1209 1200 1282 przpmiesaouo
1220 1206 1294 1264 dcte
1313 1205 1478 1284 pieczpcc'e:
1503 1205 1652 1279 pteram
1677 1202 1897 1280 podtucposoata,
1917 1201 2029 1278 praed·

481 1309 588 1369 starcia
609 1306 737 1382 tulupa
755 1322 796 1366 rua
819 1309 925 1382 crossia,
948 1307 1227 1390 btopostamtpcapo,
1250 1325 1268 1365 z
1290 1306 1476 1381 pastoratem
1498 1324 1525 1364 so
1539 1302 1638 1380 temp}
1659 1306 1750 1381 scupis
1764 1309 1897 1381 zatartp.
1919 1303 2030 1379 urapn

489 1407 692 1485 Wtudpstarva
712 1408 836 1489 lucipeta.
857 1417 1000 1485 (pteczpc'
1024 1417 1100 1477 Vll).
1135 1411 1335 1486 (Bopcbaioao
1354 1407 1491 1484 poump:
1513 1406 1578 1472 Lib.
1598 1409 1698 1485 privil
1720 1405 1756 1467 X
1760 1404 1789 1467 V
1804 1421 1863 1469 sec.
1884 1405 1938 1481 sal.
1960 1405 2030 1482 21)

591 1511 731 1573 dasena.
762 1511 872 1574 Arabio
898 1512 1029 1587 Capituli
1052 1512 1210 1589 Metropol.
1235 1511 1284 1588 II,
1304 1510 1335 1572 2.

584 1696 622 1762 ln
644 1697 769 1765 nominc
790 1696 897 1764 Patris
918 1706 952 1764 et
972 1696 1046 1763 Filii
1067 1703 1101 1762 et
1123 1696 1260 1781 Spiritus
1282 1696 1386 1764 sancti
1408 1714 1509 1762 nmen.
1555 1695 1708 1776 Quoniam
1731 1696 1953 1781 depasturum
1973 1714 2029 1764 no-
2110 1679 2113 1686 ’

481 1801 557 1868 ticia
577 1817 682 1866 rerum
705 1798 785 1865 talsa
805 1798 887 1866 solet
919 1816 1067 1883 processu
1100 1800 1250 1882 tcmporis
1282 1799 1460 1882 calumpnia
1492 1797 1641 1881 suboriri,
1668 1801 1879 1867 necaesarinm
1911 1806 1962 1867 ost
1990 1817 2030 1868 ac

481 1901 560 1970 naus
581 1901 748 1970 cuiuslibet
768 1901 814 1968 rei
835 1900 1132 1968 determinacionem
1153 1900 1343 1968 iudicialiter
1363 1899 1541 1982 diffinitam,
1563 1921 1603 1969 ne
1617 1888 1638 1969 a
1651 1901 1891 1970 succedentibus
1912 1903 2031 1970 ueritas

481 2002 704 2089 subprimatur,
726 2021 783 2087 per
803 2003 914 2087 scripti
935 2004 1165 2070 continenciam
1187 2003 1220 2068 in
1241 2005 1391 2070 noticiam
1413 2004 1589 2070 transmitti
1610 2009 1817 2089 posterorum.
1845 2002 1912 2071 Nos
1931 2002 2032 2088 initu

482 2105 673 2175 wladislaus
694 2106 779 2173 filius
800 2106 913 2173 Otonis
934 2105 993 2174 Dei
1014 2107 1122 2190 gracia
1141 2106 1206 2171 dux
1226 2105 1356 2174 Palania
1373 2108 1527 2174 uniuersis
1548 2105 1746 2190 presentibus
1767 2113 1802 2174 at
1822 2104 1959 2190 posteris
1982 2105 2031 2171 in·

482 2215 643 2278 notescere
663 2209 851 2290 curavimus,
873 2209 958 2292 quod
979 2213 1190 2293 conquerente
1212 2226 1317 2275 coram
1336 2208 1426 2276 nobis
1441 2208 1578 2291 mansio,
1594 2209 1781 2277 umerabilis
1796 2210 1898 2293 patris
1911 2208 2031 2276 domiui

481 2313 628 2382 Falconis
649 2312 845 2382 Gneenensis
867 2312 1094 2396 meniepucopi
1115 2312 1314 2393 cancellario,
1339 2312 1380 2379 do
1402 2311 1534 2379 Alberto
1554 2313 1714 2396 preposito
1736 2318 1770 2379 et
1791 2311 1928 2379 Henrioo
1950 2309 2030 2378 cele·

481 2417 565 2486 tario
586 2414 814 2497 monacensi,
844 2414 928 2501 quod
949 2417 979 2484 ei
1000 2417 1033 2482 in
1059 2415 1132 2484 lacu
1156 2417 1212 2499 qui
1236 2415 1353 2483 dimum
1378 2415 1540 2483 Ostrouite
1560 2414 1796 2497 imumsrentur,
1818 2412 2031 2482 mersudbus

481 2518 598 2587 eisdem
619 2518 703 2604 quod
723 2518 856 2586 eundem
877 2517 982 2586 mum
1005 2536 1064 2603 pro
1091 2517 1229 2601 quadam
1254 2518 1502 2586 commutacione
1527 2537 1550 2586 a
1574 2517 1665 2585 nobis
1696 2517 1904 2602 recepissent3
1934 2533 2032 2601 qnam

481 2620 606 2709 quidem
628 2623 908 2689 mmmuaaonem
932 2637 991 2688 nos
1016 2639 1087 2687 cum
1113 2620 1160 2686 eis
1188 2618 1299 2688 fecisse
1319 2619 1466 2702 bamur,
1487 2619 1574 2687 salvo
1600 2625 1707 2688 amen
1732 2637 1770 2688 eo
1795 2619 1865 2687 iure
1889 2616 1975 2705 quod
1995 2619 2031 2686 in

481 2725 589 2795 wem
615 2725 686 2793 lacu
712 2723 803 2792 nobis
829 2740 1115 2804 resonaremus,
1139 2721 1285 2791 uideliw
1313 2721 1399 2808 quod
1421 2722 1455 2789 in
1474 2724 1577 2807 prima
1598 2721 1818 2806 consolacione
1838 2739 1921 2807 aque
1940 2726 1975 2790 at
1994 2721 2030 2788 in

481 2827 604 2898 musti
636 2827 777 2913 capturis
808 2826 1006 2912 mnilmum,
1035 2843 1098 2910 que
1122 2832 1225 2893 mrost
1250 2833 1391 2907 commu,
1417 2831 1529 2893 nocua
1554 2843 1671 2909 sagena
1698 2823 1739 2909 ab
1766 2843 1830 2891 uno
1856 2822 1920 2893 dns
1941 2822 2033 2892 lacus
2154 2863 2156 2866 -

481 2949 580 3016 usque
601 2929 643 2998 ad
663 2929 760 2997 adum
781 2931 919 3015 primum
939 2934 1077 2996 tractum
1099 2925 1250 3009 obtineat,
1279 2946 1318 2997 ac
1346 2926 1459 2995 deinde
1479 2926 1598 2995 domini
1619 2926 1772 3012 prepositi
1797 2925 2032 2995 chremesensis

481 3050 598 3119 mena
618 3037 743 3100 tantm
765 3031 816 3099 bis
835 3030 957 3098 duabus
978 3029 1097 3097 vicibus
1119 3048 1177 3114 per
1197 3035 1300 3097 totuum
1321 3030 1425 3097 lacum
1446 3029 1667 3114 subsequetur,
1685 3035 1798 3096 nostra
1810 3028 2032 3096 nichilominus

404 3164 407 3169 ·
481 3153 598 3222 mena
617 3134 717 3203 eciam
743 3132 888 3202 omnibus
913 3133 986 3202 aliis
1009 3130 1204 3216 temporibus
1235 3132 1285 3199 ius
1310 3131 1452 3217 piscandi
1484 3130 1656 3200 obtinente.
1689 3131 1885 3200 Memoratus
1899 3131 2032 3200 etenim

479 3236 659 3323 prepositus
680 3236 915 3305 chremesensis
934 3241 1011 3304 autc
1032 3235 1311 3304 commutacionem
1331 3232 1416 3300 inter
1436 3251 1495 3301 nos
1512 3231 1632 3303 lacum
1651 3233 1687 3301 in
1705 3234 1792 3302 dicto
1804 3235 1875 3302 lacu
1889 3232 2032 3319 piscandi

480 3358 552 3407 aum
573 3357 689 3424 Quas
708 3338 831 3406 nullum
852 3340 903 3404 ius
923 3337 1046 3417 babuit,
1069 3335 1331 3419 quemadmodum
1351 3353 1460 3403 ornnes
1481 3335 1557 3405 uilia
1575 3335 1875 3405 cimumadiacentes
1889 3336 2032 3421 piscandi

481 3459 553 3508 aum
573 3459 691 3526 sagena
711 3441 833 3525 inipso
855 3441 904 3507 ius
926 3457 990 3507 non
1015 3437 1135 3506 habent
1160 3455 1218 3506 nec
1246 3455 1385 3522 unquam
1405 3437 1600 3522 babuerunt,
1626 3439 1682 3506 sed
1712 3437 1932 3507 tantummodo
1961 3457 2033 3508 curn

480 3543 601 3612 retibus
622 3544 728 3630 parvis
745 3543 867 3611 circum
888 3541 980 3609 littus
1001 3547 1086 3608 terre
1107 3559 1165 3608 sue
1185 3539 1331 3609 museus
1352 3538 1494 3624 pbandi
1515 3539 1696 3609 habuerunt
1709 3547 1744 3608 et
1756 3540 1877 3610 habeut
1890 3545 2032 3625 potesta·

481 3651 563 3728 ως
585 3645 646 3714 boc
668 3651 774 3713 amen
795 3644 954 3725 adiuncto,
973 3643 1057 3728 quod
1078 3642 1210 3727 pretatis
1224 3640 1346 3708 duabus
1360 3641 1481 3710 uicibus
1493 3647 1605 3712 nosue
1618 3661 1735 3728 segem
1752 3662 1810 3728 per
1823 3643 1914 3712 illum
1927 3642 2033 3712 mum

480 3746 526 3817 ab.
539 3765 603 3816 uno
624 3745 687 3815 dne
707 3747 749 3814 ad
770 3747 869 3815 olium
890 3751 1090 3826 cummunio,
1119 3751 1187 3812 tam
1212 3743 1391 3828 prepositus
1420 3762 1516 3829 quam
1542 3762 1650 3812 omnes
1675 3744 1750 3813 ville
1779 3745 1970 3828 adiacentes,
1992 3745 2033 3814 de

480 3851 551 3919 lacu
571 3869 630 3918 sura
650 3849 840 3919 tenebantur
860 3851 945 3918 recia
965 3857 999 3917 et
1021 3854 1170 3917 anentur
1194 3848 1350 3931 excipere:
1383 3848 1563 3933 quicunque
1589 3848 1673 3916 enim
1701 3865 1797 3933 supor
1825 3846 1930 3917 lacum
1954 3853 2032 3916 tunc

480 3952 629 4039 piscando
649 3951 946 4037 deprehenderetur,
968 3951 1018 4018 uel
1039 3952 1067 4017 si
1087 3951 1172 4018 recia
1193 3949 1325 4018 adamus
1346 3951 1380 4016 in
1399 3950 1470 4017 lacu
1483 3948 1618 4019 fuissem
1631 3958 1768 4036 reperta,
1784 3970 1840 4018 scr
1854 3970 2033 4020 mammam

481 4074 562 4140 pona
583 4074 640 4140 per
661 4072 719 4122 nos
741 4056 915 4139 puniretur,
938 4052 1200 4138 quemadmodum
1215 4073 1235 4120 a
1251 4059 1392 4136 tempore
1409 4051 1544 4120 illustris
1562 4053 1791 4122 recordacionis
1808 4055 1916 4140 patrui
1931 4054 2033 4122 nostri
2080 4083 2082 4087 >

480 4155 647 4226 wladislai
668 4156 758 4225 ducis
779 4156 908 4224 Polonie
928 4164 962 4224 et
984 4155 1085 4239 patris
1107 4155 1175 4222 eius
1196 4153 1258 4221 luit
1279 4155 1487 4222 consumtum
1508 4162 1543 4222 et
1564 4155 1788 4225 inuiolabiliter
1812 4157 2033 4241 observatiam
2110 4159 2113 4165 ’

353 4324 357 4330 .
480 4260 564 4344 qnod
581 4259 632 4327 ius
652 4261 717 4328 iam
738 4259 816 4327 dicti
837 4260 1017 4345 prepositus
1038 4266 1072 4325 et
1093 4257 1263 4325 celerarius
1285 4256 1520 4325 Chremesensis
1541 4259 1642 4327 eciam
1664 4265 1737 4344 post
1751 4261 2032 4329 commutacionem

480 4362 563 4430 inter
584 4380 642 4430 nos
663 4370 697 4430 et
717 4363 804 4447 ipsos
825 4362 969 4429 habitam
996 4361 1087 4428 nobis
1117 4361 1321 4446 pertinuisse,
1354 4361 1387 4426 in
1415 4359 1531 4428 iudicio
1553 4380 1658 4430 coram
1679 4362 1771 4431 nobis
1791 4371 1866 4431 sunt
1886 4363 2031 4433 confossi

480 4463 524 4532 ut
543 4463 605 4532 ltoc
625 4465 728 4549 ipsum
750 4465 800 4531 ius
823 4465 855 4531 in
877 4466 939 4531 iam
962 4464 1047 4531 dicto
1068 4464 1140 4530 lacu
1162 4472 1196 4530 et
1218 4482 1288 4530 cum
1310 4460 1487 4530 beralitate
1508 4481 1569 4546 que
1586 4463 1649 4531 fuit
1669 4465 1831 4533 bominum
1852 4471 2032 4534 nostrorum

479 4565 670 4635 damonum
701 4572 736 4634 ct
767 4568 1043 4645 narocbnicorum,
1076 4564 1337 4648 quemadmodum
1363 4567 1396 4631 in
1425 4566 1527 4649 primo
1551 4567 1713 4653 priuilegio
1734 4587 1829 4656 super
1850 4570 1910 4637 boc
1930 4568 2032 4636 eidem

481 4668 505 4736 1.
529 4669 716 4738 cmcellurio
736 4688 757 4736 a
777 4669 869 4737 nobis
890 4670 965 4737 dato
988 4669 1175 4750 continetur,
1198 4687 1256 4735 nos
1278 4668 1318 4734 de
1337 4668 1467 4752 speciali
1488 4677 1597 4737 nostra
1616 4672 1725 4754 gracia
1745 4674 1775 4740 ei
1795 4691 1834 4740 ac
1854 4672 1955 4758 ipsius
1975 4690 2032 4757 po-

480 4774 574 4840 steris
596 4772 785 4840 contulimus
811 4778 846 4839 et
874 4772 990 4839 iterato
1012 4772 1140 4838 tandem
1161 4772 1378 4838 innovavimus
1401 4777 1435 4838 ct
1456 4772 1709 4841 confirmavimus
1729 4774 1944 4857 donacionem,
1964 4779 2033 4842 sta·

480 4878 619 4956 tuentes,
652 4874 737 4959 quod
757 4874 797 4941 de
819 4873 911 4942 hodia
932 4875 966 4941 in
988 4882 1084 4943 antea
1105 4873 1255 4958 scpslicti
1276 4872 1302 4939 Ι.
1325 4893 1381 4940 seu
1403 4875 1470 4941 cius
1488 4894 1705 4944 successorum
1730 4895 1849 4961 sagena
1869 4878 1902 4943 in
1929 4876 2034 4961 prima

481 4976 699 5061 oongolaciono
724 4995 807 5062 aque
836 4984 870 5043 et
899 4978 931 5041 in
959 4978 1083 5045 estivali
1109 4978 1249 5062 capturis
1271 4977 1468 5061 squillurum,
1494 4998 1557 5064 que
1574 4978 1691 5047 dicitur
1711 4987 1823 5062 mrost,
1850 4997 1907 5064 per
1929 4983 2033 5046 totum

480 5078 584 5147 boum
606 5081 742 5164 primum
762 5087 901 5146 tractum
916 5079 1068 5160 obtbumt,
1091 5088 1124 5147 ct
1138 5081 1250 5147 deindo
1265 5081 1416 5165 propositi
1431 5079 1666 5149 Cbrcmcsensis
1679 5101 1796 5166 sagena
1809 5081 2033 5167 subsequatur,

331 5186 336 5192 ’
481 5200 519 5249 ac
539 5181 685 5266 deinceps·
710 5183 831 5264 stipulo
862 5183 933 5248 villo
955 5184 1264 5261 circumaliaccutos,
1287 5203 1349 5250 nou
1370 5203 1440 5250 cum
1463 5184 1587 5267 sagenis
1609 5183 1665 5249 sod
1687 5203 1758 5251 cum
1773 5184 1893 5251 ratibus
1915 5184 2031 5269 parvis,

482 5283 598 5351 ducum
619 5281 712 5352 littus
734 5284 902 5352 cuiuslibct
924 5292 1007 5351 torrc
1030 5287 1199 5369 mrdncns,
1222 5290 1318 5370 prout
1332 5286 1584 5371 suprascriptum
1598 5292 1658 5370 ast,
1681 5286 1887 5373 piscabuntur
1900 5286 2033 5373 mauis

1824 5405 1861 5463 ὓ)
