4574 6240
511 413 583 491 110

616 619 775 683 Wroetnrv.
810 618 926 697 ventor.
950 619 1055 681 Stante
1080 617 1196 681 Archiv.
1219 616 1343 694 nona,
1365 619 1612 699 otponatorson
1635 618 1665 684 Ι.
1692 618 1766 685 203.
1788 617 1877 682 Liber
1896 615 2046 695 antipam,

504 723 557 800 sot
579 721 632 787 22.
679 722 827 798 Modraeb,
856 719 1053 785 Wiodovrroici
1071 739 1102 799 p.
1122 722 1152 785 8.

609 923 676 992 Nos
698 924 757 992 Dei
778 925 883 1008 gracia
901 923 1095 992 Wlodizlaus
1116 923 1215 992 iolicis
1235 928 1383 994 memorie
1404 927 1493 995 ducis
1514 925 1671 1012 quondum
1692 924 1811 992 Odonis
1833 923 1928 1004 tilius,
1951 924 2050 990 omni·

505 1027 566 1096 bus
584 1028 644 1095 boe
665 1027 816 1111 scriptum
837 1027 1025 1113 inspecturis
1050 1026 1184 1094 sulutem
1216 1034 1250 1096 et
1279 1049 1401 1098 omnem
1430 1030 1641 1098 dileccionem.
1671 1030 1832 1112 Agnoscat
1863 1025 2051 1092 universitas

506 1137 621 1213 vestra,
642 1130 726 1216 quod
747 1129 789 1198 sd
810 1129 934 1196 laudem
955 1129 1015 1196 Dei
1036 1136 1070 1196 et
1091 1129 1190 1213 ipsius
1211 1132 1380 1215 genetricis
1398 1140 1548 1218 perpetue
1569 1133 1699 1217 virginis
1721 1131 1833 1212 blerie,
1855 1145 1990 1196 necnon
2010 1127 2051 1196 ob

506 1233 641 1322 salutem
662 1233 836 1300 animarum
859 1239 1047 1314 nostrorum,
1070 1236 1179 1317 putris,
1202 1236 1323 1316 matris,
1346 1236 1452 1302 uxoris
1474 1241 1508 1303 et
1521 1238 1660 1303 omniurn
1675 1239 1842 1319 parentum
1860 1234 2050 1314 nostrorum,

507 1335 696 1405 contulimus
730 1334 902 1403 Conventui
934 1335 973 1402 de
1006 1334 1142 1418 Lubens,
1174 1338 1328 1422 religiosis
1354 1335 1504 1404 tratribus
1528 1336 1745 1405 cisterciensis
1778 1333 1907 1401 Ordinis
1932 1331 2052 1399 Wr'ati-

507 1439 672 1508 eluviensis
697 1437 839 1519 diocesis,
861 1437 923 1506 tria
944 1437 1033 1505 milia
1056 1457 1236 1506 mansorum
1261 1440 1294 1507 iu
1313 1459 1375 1509 uno
1401 1439 1522 1508 ambitu
1547 1441 1579 1507 in
1608 1438 1769 1508 territerio
1795 1435 1948 1504 Weilensi
1969 1434 2053 1502 eirea

508 1541 673 1628 Lupzesko
694 1547 728 1608 et
748 1540 855 1625 Bytin,
877 1541 989 1608 talium
1010 1541 1150 1626 qualium
1171 1548 1247 1609 sunt
1267 1544 1300 1610 in
1323 1551 1410 1612 terra
1429 1543 1569 1611 Heinrici
1591 1542 1726 1609 illustris
1746 1540 1837 1608 ducis
1851 1539 1954 1606 Zlesie
1967 1537 2052 1605 circa

508 1648 648 1713 Aureum
669 1649 816 1726 montem,
839 1644 907 1710 iure
926 1644 1142 1711 'lbeutonienli
1163 1653 1316 1730 perpetuo
1337 1645 1539 1732 possidendos
1558 1664 1629 1713 cum
1644 1643 1730 1711 omni
1745 1643 1896 1724 utilitate,
1908 1639 2054 1707 videlieet

508 1747 602 1833 agris,
621 1747 732 1833 protis,
754 1747 887 1831 pascuis,
910 1748 1010 1832 cquis,
1033 1747 1173 1832 lacubus,
1195 1748 1381 1833 custoribus,
1405 1747 1640 1837 piscationibus,
1662 1746 1883 1815 venationibus
1901 1751 1935 1812 et
1953 1744 2053 1810 omni-

507 1849 568 1917 bns
587 1849 659 1918 sliIs
680 1848 881 1934 proventibus
901 1850 957 1935 qni
975 1849 1065 1916 nobis
1086 1856 1121 1918 et
1142 1853 1257 1919 nostris
1280 1852 1510 1921 successoribus
1541 1851 1692 1920 deberent
1712 1850 1886 1936 provenire
1930 1846 2055 1915 Consti·

508 1952 627 2020 trimus
644 1952 781 2036 insuper,
803 1958 841 2020 ut
861 1952 922 2036 ipsi
938 1953 972 2019 in
990 1953 1059 2036 ipso
1080 1953 1212 2038 ambitu,
1232 1955 1380 2023 videlicet
1399 1956 1496 2022 trium
1517 1955 1638 2022 milium
1656 1971 1848 2035 mansorum,
1871 1959 1937 2018 tres
1951 1950 2056 2017 locent

508 2053 647 2124 lorenses
668 2055 821 2136 civitates,
844 2073 915 2122 cum
936 2061 1065 2123 moneta
1085 2059 1223 2141 speciali,
1242 2059 1276 2125 in
1297 2077 1485 2144 quoeunque
1505 2066 1612 2126 temen
1633 2077 1743 2126 esrum
1764 2055 1961 2124 decreverint
1982 2072 2055 2121 oon·

509 2159 651 2242 stituere,
674 2158 826 2239 babituri;
855 2160 944 2226 cuius
964 2177 1091 2226 censum
1114 2167 1148 2228 et
1172 2169 1358 2246 proventum
1387 2161 1442 2247 qui
1465 2181 1505 2228 ex
1532 2161 1602 2246 ipse
1629 2165 1759 2229 moneta
1785 2158 1965 2244 provenerit
1992 2175 2057 2222 uns

509 2279 581 2329 cnm
601 2279 697 2329 censu
717 2279 814 2345 suprs
833 2260 989 2328 dictorum
1002 2280 1192 2345 mansorum,
1212 2263 1328 2332 eisdem
1350 2263 1511 2346 nabibus,
1533 2269 1571 2329 ut
1591 2281 1630 2331 eo
1650 2263 1760 2348 pocior
1781 2260 1933 2328 memoria
1952 2259 2056 2327 nostri

508 2363 673 2445 moeror,
695 2365 840 2431 ineram
860 2363 1036 2432 habendum
1057 2365 1261 2434 destinemus.
1305 2367 1374 2434 Hee
1405 2365 1521 2434 ideirco
1547 2365 1588 2433 ud
1615 2367 1779 2433 universos
1805 2363 1927 2431 christi
1947 2360 2056 2444 fideles

509 2467 740 2549 denuntiamus,
762 2484 834 2548 non,
859 2466 944 2550 quod
968 2466 1062 2546 obsit,
1090 2467 1204 2537 obinde
1231 2469 1357 2538 laudern
1382 2476 1416 2536 et
1441 2468 1579 2537 favorem
1608 2468 1771 2536 bominum
1794 2483 1974 2553 eunomus,
2000 2463 2057 2531 sed

509 2569 610 2655 magis
630 2574 760 2655 propter
781 2569 852 2652 boc,
874 2569 1027 2654 quatinus
1037 2569 1214 2639 tidncislius
1227 2571 1371 2640 omnibus
1387 2572 1464 2639 inibi
1483 2573 1585 2640 colere
1605 2592 1645 2641 ac
1669 2572 1849 2640 inhabitare
1869 2568 2056 2650 volentibus,

511 2671 678 2742 mordendi
699 2690 810 2740 arsum
831 2678 1005 2756 prestemus
1025 2673 1211 2741 uberiorem.
1256 2675 1358 2759 Unde,
1383 2677 1562 2761 quicunque
1581 2675 1766 2744 desiderant
1786 2693 1844 2760 pro
1864 2672 2002 2741 rolendis
2023 2677 2057 2737 et
2093 2735 2095 2739 ,

510 2775 723 2844 inhabitandis
744 2776 933 2861 snpmdict'u
954 2777 1072 2844 mansis
1094 2783 1212 2845 terrum
1234 2787 1376 2848 nostram
1397 2780 1538 2861 introire,
1557 2797 1682 2847 omnem
1708 2777 1848 2846 thelonei
1869 2776 2058 2844 solutionem

510 2897 569 2965 per
587 2878 750 2947 duodecim
773 2897 871 2946 annos
889 2879 935 2946 eis
956 2879 1143 2962 relaxamus,
1165 2886 1312 2965 rogantes
1333 2888 1368 2950 et
1388 2883 1595 2967 precipientes
1616 2881 1809 2963 castellanis,
1831 2878 2002 2947 baronibus
2024 2883 2058 2944 et

511 2981 655 3051 omnibus
675 2983 883 3065 theloneariis,
906 2989 943 3049 ut
964 2982 1108 3050 omnibus
1130 2990 1246 3052 terram
1268 2991 1410 3053 nostram
1427 2983 1620 3052 intrantibus
1641 2991 1676 3052 et
1697 2983 1896 3065 exeuntibus,
1919 2980 2058 3066 sigillum

511 3085 636 3155 moces
656 3086 810 3153 Lubensis
831 3085 1077 3168 ostendentibus,
1106 3086 1225 3171 absque
1245 3087 1331 3154 omni
1351 3087 1515 3155 exactione
1536 3086 1675 3155 thelonei
1697 3095 1732 3155 et
1755 3083 1947 3172 gravamine,
1971 3083 2057 3151 omni

512 3194 652 3274 tempore
673 3187 830 3256 libertatis
851 3208 968 3270 eorum,
987 3187 1028 3256 ob
1049 3206 1133 3255 enno
1153 3188 1299 3256 videlicet
1319 3189 1374 3256 illo
1396 3208 1459 3275 qno
1474 3191 1665 3258 accesserint
1678 3211 1736 3276 pro
1751 3189 1869 3258 eisdem
1890 3186 2059 3272 sepedictis

511 3293 630 3360 mensis
651 3293 851 3377 possessuris,
873 3292 1006 3359 liberem
1026 3291 1212 3358 transeundi
1233 3291 1408 3360 concedant
1428 3291 1623 3361 iacnlutmn
1666 3293 1850 3362 Transactis
1871 3309 1946 3360 vero
1967 3289 2060 3356 nnnis

511 3394 678 3478 libertatis,
698 3397 799 3464 tocius
813 3395 960 3478 thelonei,
983 3402 1078 3480 prout
1092 3394 1278 3463 crescemus
1299 3395 1435 3477 solvunt,
1457 3396 1580 3463 solvent
1601 3396 1814 3464 medietatem
1836 3395 1956 3463 Dntnm
1976 3411 2060 3461 enno

511 3497 554 3567 nb
574 3497 794 3567 mederatione
814 3498 941 3567 Domini
958 3497 1217 3581 mccxxvns
1240 3497 1302 3565 vn
1323 3498 1483 3566 Kolendns
1505 3497 1594 3566 binii

612 3702 751 3788 Lubens,
773 3708 896 3794 dubini,
917 3727 936 3769 z
957 3708 1122 3772 ιιὲειιιιεΙια
1142 3707 1265 3771 nane.
1300 3703 1478 3788 Wellensis,
1500 3709 1539 3772 de
1566 3705 1687 3771 Wieleri»
1720 3704 1904 3790 anzeskt),
1929 3724 1949 3767 z
1973 3707 2059 3768 niem

513 3810 670 3888 tutem
700 3806 806 3893 Bytin,
827 3832 845 3874 z
865 3813 1031 3874 monerio
1052 3813 1170 3875 Butos
1193 3810 1317 3875 Aureus
1339 3827 1439 3890 mons,
1466 3811 1622 3888 Goldboen
1647 3807 1847 3890 cremenses,
1869 3811 1907 3874 dc
1929 3806 2059 3881 Krobro,

513 3916 641 3978 zaim
664 3914 805 3979 eroum
844 3915 957 3978 Obrznr
974 3911 1377 3994 powytdrvnnientowmry
1398 3917 1463 3994 trip
1483 3932 1527 3977 nu
1544 3911 1825 3994 poludniezuebdd
1837 3932 1875 3978 ιιι
1904 3913 2019 3977 Wutcz.
2042 3961 2044 3964 -

1182 4211 1255 4296 Νι.
1290 4206 1387 4296 122

618 4405 852 4493 Wlodizlnus
879 4410 956 4492 dns
981 4407 1130 4492 Polonio
1157 4411 1291 4489 1228
1316 4430 1346 4492 s
1364 4409 1398 4492 d
1416 4408 1458 4490 in
1481 4407 1664 4511 colloquio
1682 4408 1725 4491 in
1743 4407 1852 4511 donu3
1882 4423 2063 4493 Belenum

515 4529 615 4598 illium
646 4530 753 4599 fratris
783 4533 832 4598 sui
864 4530 1027 4599 lasteonis
1054 4530 1197 4615 adoptet,
1232 4537 1412 4615 terrmqne
1444 4531 1513 4597 eins
1544 4529 1578 4596 in
1612 4531 1843 4626 protectionem
1868 4535 1903 4597 et
1929 4527 2064 4596 tntebm

515 4632 814 4803 Μωὲἱιὴωὶιὶιίιὶ
835 4739 954 4802 Kodcks
976 4741 1135 4819 deplorent.
1158 4739 1296 4818 Kotedp
1310 4739 1486 4802 Krnlonsk.
1511 4738 1540 4814 I,
1560 4738 1612 4801 19.
1650 4739 1790 4818 Zkopa't

619 4941 687 5028 Ego
715 4941 907 5010 Wlodizlaus
936 4943 1000 5009 dux
1032 4941 1170 5025 Polonie,
1203 4943 1385 5010 Bolenlaruu
1417 4940 1517 5009 tilium
1549 4940 1658 5010 fratris
1689 4942 1752 5010 mei
1781 4941 1871 5010 ducis
1901 4939 2066 5009 Lestconis

516 5045 633 5132 adopto
653 5047 686 5113 in
707 5044 807 5113 tilium
826 5051 859 5112 et
876 5047 908 5112 in
937 5044 1028 5113 bonis
1055 5046 1134 5114 meis
1154 5046 1299 5115 omnibus
1326 5044 1494 5112 mobilibus
1522 5051 1556 5110 et
1584 5043 1786 5112 inmobilibus
1815 5045 1961 5114 totaliter
1988 5043 2070 5110 mihi

517 5147 662 5218 heredem
694 5149 861 5232 substituo,
894 5148 1063 5216 secundum
1087 5149 1172 5234 quod
1201 5150 1372 5217 iuravimus
1392 5166 1450 5233 ego
1469 5152 1503 5215 et
1527 5152 1620 5232 puter
1645 5147 1723 5231 eins,
1752 5148 1899 5217 videlieet
1926 5147 2011 5232 quod
2038 5147 2068 5213 si

435 5291 439 5300 ·
517 5253 590 5337 quis
610 5258 753 5320 nostrum
774 5252 891 5321 babens
913 5252 1032 5336 prolem
1053 5251 1228 5334 decederet,
1247 5246 1408 5339 superstes
1429 5251 1549 5337 prolem
1570 5250 1658 5319 illam
1676 5251 1710 5318 in
1724 5252 1886 5337 propriam
1899 5249 2067 5336 adoptaret

518 5359 554 5424 et
574 5354 635 5422 sibi
656 5355 798 5424 nnuur
818 5355 1023 5423 substitueret
1043 5354 1077 5422 in
1096 5354 1252 5439 heredem,
1282 5358 1311 5424 si
1331 5356 1493 5442 propriam
1518 5372 1581 5423 non
1608 5353 1749 5423 haberet
1794 5353 1949 5423 Similiter
1976 5371 2069 5466 eenn-
