4574 6240
704 481 752 565 76.

700 681 886 768 Slupeuscm
907 681 1122 750 castellaniam
1144 679 1309 765 comparit
1330 682 1364 745 ct
1384 679 1528 763 pluribvs
1548 679 1639 745 annis
1661 679 1764 746 tenuit
1784 685 1978 764 occupatam
1999 681 2086 762 Qvod
2101 683 2239 755 ricleutes

696 786 831 855 botones
849 793 883 853 ct
905 785 961 853 olii
981 786 1102 853 nobiles
1121 785 1300 869 stupentes,
1323 801 1362 848 nc
1381 783 1468 865 {moti
1490 789 1648 863 extranee,
1668 782 1773 865 lingue
1789 783 1903 865 inmoto,
1925 802 1962 851 ac
1981 783 2085 851 boniti
2106 807 2168 853 uon
2182 809 2238 859 suo

698 889 827 957 subasc
847 888 1013 971 deberent,
1042 908 1100 974 pcr
1120 888 1206 972 quod
1227 888 1259 954 in
1281 893 1441 970 posmmm
1464 886 1496 951 in
1518 886 1702 952 servitutem
1724 885 1821 968 redigi
1842 887 2032 971 potonem,
2053 910 2110 955 nnis
2132 891 2164 956 in
2186 893 2239 959 vlo-

697 993 817 1059 minum
849 990 910 1058 sibi
941 992 1092 1074 eligentes
1121 989 1162 1058 ad
1188 989 1305 1055 ‹licmm
1327 987 1544 1055 castellaniam
1564 996 1768 1069 vocaverunt,
1805 989 1973 1057 vcuernbdi
1994 1000 2085 1076 patre
2106 992 2239 1064 ilenrico

699 1094 809 1162 Kctlilr
832 1093 1009 1161 Gneznensi
1030 1093 1266 1178 archiepiscopo
1289 1092 1387 1157 torcio
1405 1109 1489 1157 anno
1520 1110 1577 1157 suc
1598 1093 1843 1159 consecmeionis
1864 1092 2016 1161 kathmlre
2036 1096 2240 1182 archiepisco-

697 1196 762 1282 pali
783 1196 971 1281 presidente.
994 1195 1060 1263 Nos
1073 1204 1179 1263 autern
1194 1194 1269 1260 illuc
1290 1193 1458 1266 venientes,
1482 1194 1656 1260 invenimus
1678 1194 1792 1261 ibidem
1807 1196 2004 1280 liudolplrum
2026 1199 2240 1284 presbyterum

698 1299 786 1367 senio
807 1298 983 1366 coniectum
1000 1307 1154 1365 rectorem
1175 1295 1306 1364 ecclesie
1327 1295 1500 1379 Slupensis,
1521 1316 1543 1364 a
1563 1315 1627 1381 quo
1649 1298 1683 1363 iu
1703 1299 1866 1381 presencia
1887 1301 1988 1367 tocius
2009 1302 2122 1369 milicie
2139 1304 2241 1388 ioqui·

698 1401 764 1471 sita
783 1401 951 1485 diligenter
968 1403 1103 1468 veritato
1121 1419 1216 1483 snper
1236 1399 1464 1484 spiritualibus,
1486 1418 1508 1466 a
1528 1419 1591 1484 quo
1613 1401 1792 1486 recepisset
1822 1403 1996 1486 respomlit:
2023 1405 2064 1473 ab
2088 1406 2241 1492 archiepi-

684 1513 795 1591 'scopo
810 1504 996 1581 Gnecnensi,
1018 1506 1102 1572 sicut
1120 1504 1184 1571 mei
1203 1503 1439 1587 predecessores
1451 1502 1492 1570 ab
1507 1504 1639 1588 unoquo
1653 1505 1783 1590 pacifice
1798 1512 1995 1590 receperunt;
2018 1516 2052 1575 ct
2066 1507 2124 1575 boc
2138 1509 2241 1594 ipsum

699 1614 772 1677 tota
791 1607 955 1694 Slnpensis
974 1607 1101 1689 milido,
1122 1606 1184 1674 lide
1205 1607 1291 1687 dota,
1314 1607 1347 1674 in
1367 1609 1531 1691 presencia
1551 1614 1661 1676 nostra
1681 1629 1789 1676 verum
1810 1628 1879 1676 osse
1898 1609 1961 1676 icit
1981 1618 2165 1697 protestata
2194 1613 2242 1683 Ne

696 1711 795 1797 igitur
815 1713 849 1778 in
871 1719 1031 1797 psterum
1052 1712 1135 1778 inter
1156 1709 1424 1795 archiepiscopum
1445 1709 1661 1780 Gneznensem
1683 1720 1717 1779 et
1737 1713 1860 1796 uliqnos
1880 1713 2040 1798 episcopos
2055 1716 2133 1783 olim
2147 1735 2243 1802 super

696 1814 899 1901 proventibus
920 1823 955 1882 et
974 1816 1045 1881 aliis
1066 1813 1186 1881 iuribus
1208 1813 1292 1879 dicte
1314 1813 1497 1881 costcllaru'e
1517 1813 1677 1882 dubitatio
1691 1815 1740 1883 vel
1755 1816 1878 1901 coeno
1898 1824 2046 1902 emergat,
2068 1818 2150 1887 bona
2167 1819 2237 1905 tide,

696 1917 757 1984 sub
769 1918 830 1986 Dei
849 1919 1038 1999 testimonio,
1061 1936 1122 2002 que
1142 1916 1342 2002 premisimus
1363 1935 1438 1982 veru
1459 1934 1528 1984 osse
1548 1924 1772 2001 protestamur.
1794 1918 1832 1985 In
1853 1919 1942 1987 cuius
1963 1921 2008 1988 rei
2031 1923 2241 1993 testimonium

698 2023 872 2089 memorato
893 2022 979 2106 patri
1000 2026 1108 2087 nostro
1130 2018 1267 2087 ilenrico
1289 2017 1469 2086 Gnezuensi
1490 2020 1725 2106 archiepiscopo
1746 2041 1874 2107 presens
1889 2024 2041 2108 scriptum
2055 2027 2242 2095 pertulimus

696 2131 806 2193 noenu
827 2125 931 2210 sigillo
953 2124 1142 2192 roboretum,
1163 2122 1283 2191 Datum
1306 2124 1340 2189 in
1361 2122 1480 2207 Slupsk
1501 2125 1534 2190 in
1555 2125 1719 2209 presencia
1739 2125 1841 2192 tocius
1861 2126 2001 2211 predicte
2014 2129 2138 2211 milicie,
2158 2148 2243 2198 anno

696 2229 800 2313 gracie
821 2228 987 2296 millesimo
1008 2228 1222 2294 ducentesimo
1242 2227 1457 2311 octuagesimo
1478 2227 1594 2313 primo,
1616 2227 1690 2314 (sic)
1711 2227 1888 2297 ludiccione
1908 2248 2006 2312 nona,
2031 2231 2136 2300 indie
2157 2232 2242 2301 beati

701 2331 851 2402 lobannis
872 2330 1092 2417 Evangeliste.

799 2536 1549 2624 momentaneam

1384 2835 1459 2921 Nr.
1493 2828 1564 2920 ⁷9.

798 3032 1032 3119 Wlodirlann
1057 3031 1162 3116 illius
1189 3031 1332 3116 domini
1359 3032 1493 3116 ildonis
1519 3033 1597 3115 dux
1622 3030 1772 3115 Polonlo
1798 3035 1917 3116 1218
1942 3033 2043 3120 l'obr.
2069 3042 2156 3135 27,
2200 3039 2243 3122 in

697 3155 859 3258 Glitium
884 3169 1006 3255 coniert
1034 3170 1224 3238 monasterio
1245 3170 1284 3237 de
1304 3169 1417 3238 Zekno
1438 3170 1651 3238 haereditates
1671 3167 1785 3253 lindi,
1807 3170 1953 3257 Gryloro
1978 3181 2013 3240 et
2036 3173 2242 3261 bembogom,

698 3294 872 3361 ecumque
892 3275 1013 3343 incolas
1034 3274 1177 3359 plurimis
1198 3273 1399 3342 libertatibus
1420 3275 1533 3341 munit.

804 3385 946 3460 maan.
968 3383 1084 3459 eupit
1107 3381 1271 3442 Plociooico
1290 3398 1311 3442 z
1330 3383 1395 3442 nici
1407 3379 1561 3456 pedoobm
1581 3381 1699 3459 zielon„
1720 3375 1860 3458 antro
1874 3379 1999 3467 pieczft
2019 3384 2130 3447 mitto.

808 3487 1002 3570 prrowiec
1023 3484 1141 3547 Ambio.
1162 3486 1346 3548 mannii.
1368 3484 1550 3562 diplomata
1719 3522 1724 3529 -

800 3687 839 3757 lu
859 3688 985 3757 nomine
1006 3687 1132 3755 dommi
1153 3706 1257 3755 amen.
1280 3686 1435 3767 Quoniam
1456 3704 1567 3753 cursus
1590 3685 1811 3770 temporalium
1832 3686 1911 3754 satis
1929 3684 2056 3756 floridus
2070 3695 2102 3757 et
2116 3707 2243 3758 serenus

686 3780 760 3877 ost,
794 3794 1095 3861 successivetamen
1117 3793 1388 3876 percontrarium
1410 3790 1588 3858 devolvitur
1612 3791 1732 3858 innon
1749 3807 1832 3872 esse,
1864 3807 1991 3859 ueooese
2022 3798 2071 3861 est
2101 3812 2174 3878 ergo
2207 3800 2243 3861 ot

695 3895 783 3964 iacta
802 3914 864 3981 que
885 3901 1036 3980 agonum
1057 3913 1133 3962 voce
1154 3893 1346 3978 ydoneorum
1368 3894 1498 3961 testium
1518 3893 1568 3960 vel
1589 3893 1769 3960 litterarum
1792 3891 1934 3976 apicibus
1955 3897 2109 3964 annotari.
2142 3895 2244 3981 igitur

607 3993 608 3996 ’
696 4016 754 4066 nos
775 3997 969 4067 Wlodizlous
997 3998 1080 4065 iilius
1102 3997 1219 4064 dondni
1241 3997 1362 4064 Orionis
1394 3997 1452 4064 Dei
1473 3999 1583 4083 gracia
1613 3996 1677 4064 dux
1699 3995 1828 4064 Polonie
1861 4002 1971 4064 uotum
2002 4016 2070 4065 esse
2101 3999 2243 4066 volumus

696 4105 764 4170 tam
785 4101 983 4185 presentibus
997 4119 1092 4185 quom
1107 4099 1221 4166 tuturis
1236 4119 1365 4184 presens
1386 4101 1540 4184 scriptum
1561 4099 1761 4184 inspecturis,
1784 4097 1868 4183 quod
1888 4098 2150 4185 numquamne
2170 4121 2244 4186 grn-

696 4203 746 4270 cio
767 4222 824 4289 per
846 4202 1086 4288 inspirccionem
1105 4203 1263 4286 preventi,
1298 4222 1356 4286 pro
1379 4203 1496 4270 nostris
1518 4203 1654 4269 terrens
1672 4201 1920 4288 possessionibus
1941 4206 1975 4269 et
1995 4202 2129 4284 caducis,
2163 4205 2244 4272 eele-

696 4311 763 4373 stos
782 4313 880 4391 atque
900 4324 1121 4391 permansuros
1143 4304 1272 4371 solliciti
1294 4322 1435 4371 summus
1458 4323 1650 4388 comparere,
1670 4303 1825 4372 iratribus
1844 4303 1883 4371 de
1895 4303 2027 4372 Luclrnn
2041 4304 2167 4374 Ordinis
2182 4305 2244 4393 (ly-

699 4410 894 4493 oterciensis,
930 4411 982 4478 die
1013 4415 1170 4494 noctuque
1202 4410 1234 4475 in
1262 4409 1320 4475 Dei
1350 4407 1482 4475 somiein
1504 4408 1726 4492 existentibus,
1763 4426 1834 4474 cum
1866 4407 1950 4473 omni
1982 4407 2148 4478 devocione
2180 4430 2245 4496 quo

698 4531 864 4597 pomumus
886 4515 986 4580 iustos
1007 4521 1133 4580 nostrus
1155 4513 1348 4579 hereditates
1369 4511 1504 4593 Pinnio,
1527 4510 1654 4579 Grilevo
1677 4531 1748 4579 cum
1769 4511 1841 4578 lucu
1859 4510 2023 4578 adiacente
2043 4511 2188 4597 Grileiiz,
2210 4523 2243 4582 et

696 4616 905 4701 Dnmbegorn
928 4618 1104 4683 cumomni
1126 4618 1194 4683 iure
1216 4622 1249 4682 et
1270 4615 1409 4682 utilitate
1432 4616 1514 4682 sicut
1536 4616 1727 4683 dinoscimur
1748 4614 1917 4700 pessilem,
1940 4614 2083 4683 videlicet
2101 4637 2171 4685 eum
2189 4619 2244 4685 sil·

696 4721 762 4802 vis,
798 4720 913 4804 protis,
945 4721 1042 4803 ogeis,
1076 4720 1167 4803 cquis
1189 4724 1286 4800 utque
1307 4717 1378 4784 aliis
1400 4717 1593 4784 utilitatibus
1624 4737 1686 4802 que
1720 4737 1803 4785 nunc
1825 4723 1979 4803 uppureut
2005 4724 2038 4785 et
2058 4721 2244 4803 procedente

697 4828 838 4907 tempore
860 4821 1067 4907 apparebunt,
1089 4821 1186 4888 libere
1207 4821 1403 4901 conserimus,
1426 4819 1538 4887 «lomus
1557 4827 1590 4887 et
1609 4820 1828 4889 eonfirnvamus
1849 4840 1907 4906 pro
1923 4827 2032 4889 nostru
2046 4825 2245 4908 omnimque

696 4932 877 4993 nostrorum
900 4924 1003 4991 solute
1024 4923 1092 4990 iuro
1114 4929 1266 5007 perpetuo
1288 4922 1501 5007 possidendos.
1525 4921 1605 5002 Quin
1625 4927 1663 4988 ut
1684 4923 1733 4990 oit
1753 4923 1930 5008 apostolum:
1953 4923 2013 5004 Qui
2034 4945 2128 5009 parce
2151 4928 2244 4994 mmi-

695 5035 753 5097 nat
775 5047 870 5114 porce
892 5032 925 5093 et
944 5033 1056 5107 metet,
1092 5032 1139 5092 ct:
1176 5024 1236 5105 Qui
1259 5026 1394 5091 seminet
1416 5026 1449 5090 in
1472 5024 1757 5108 benediccionibus,
1794 5026 1833 5092 dc
1854 5025 2124 5095 Mnobccionibus
2146 5031 2243 5095 vitum

696 5138 795 5200 metet
816 5130 1054 5214 sempiternom:
1086 5128 1235 5212 prolictis
1263 5128 1362 5194 eciam
1394 5127 1623 5195 hevrolitntibus
1644 5126 1833 5195 subnotntns
1855 5127 2041 5197 conferimus
2070 5130 2242 5212 libertatis,

696 5225 776 5320 quos
797 5235 941 5302 volumus
955 5231 997 5299 ob
1011 5231 1153 5297 omnibus
1174 5232 1293 5298 nostris
1315 5230 1546 5299 successoribus
1567 5229 1792 5298 inviolabiliter
1804 5231 1981 5301 observari:
2003 5234 2144 5302 videlicet
2160 5236 2243 5320 qumi

695 5358 717 5406 a
738 5339 877 5423 presumi,
911 5357 932 5406 o
952 5354 1072 5420 mons,
1105 5335 1283 5420 uncinoli,
1313 5355 1334 5402 n
1355 5335 1548 5421 pulvereno,
1569 5355 1591 5402 a
1611 5342 1732 5416 suono,
1755 5355 1776 5402 o
1797 5341 1919 5419 contro,
1953 5334 1994 5405 ob
2014 5339 2099 5405 omui
2119 5340 2243 5422 enprvli·

697 5441 800 5524 cone,
822 5461 843 5508 n
863 5458 973 5523 moros,
995 5459 1016 5506 o
1039 5438 1115 5506 bove
1135 5446 1168 5506 et
1189 5457 1284 5506 rocca
1304 5440 1388 5523 qood
1414 5440 1528 5523 opolue
1551 5439 1683 5523 dicitur,
1705 5460 1727 5507 a
1747 5440 1970 5524 prepvurocioue
1991 5448 2024 5509 et
2045 5443 2245 5527 reporucionc
