4574 6240
1953 263 2024 338 191

480 465 691 540 veneruntad
713 465 773 532 boc
793 465 972 546 accesisse,
994 466 1158 549 negocium
1180 461 1388 532 absolutionis
1409 483 1476 532 mec
1505 464 1735 548 aliquantulum
1766 464 1875 532 extitit
1899 469 2030 548 prepter

480 578 539 645 hoc
557 576 770 657 prorogatum,
790 574 824 636 ct
845 588 895 636 me
916 588 955 636 ex
978 576 1053 635 tunc
1075 570 1127 653 piu
1146 569 1320 635 municione
1335 587 1373 636 nc
1392 576 1525 653 paterno
1538 568 1756 637 exhortatione
1769 568 2029 650 sollicitaverunt,

481 681 637 764 quatenus
659 671 716 739 lilii
734 673 806 753 mei,
827 671 948 738 scilicet
967 671 1005 737 Β.
1029 670 1238 737 anuviensis
1259 677 1293 736 et
1315 671 1354 737 Κ.
1380 670 1573 738 Cuiaviensis
1595 671 1699 753 duces,
1720 672 1754 738 in
1775 671 1842 738 suis
1863 669 2029 737 ducatibus

482 775 619 848 ecclesiis
641 774 810 841 nominatis
831 773 1077 841 satisfactionem
1101 772 1264 856 inpensam
1283 780 1316 839 ct
1337 773 1516 841 libertatem
1539 781 1689 859 perpetuo
1711 771 1866 840 indultam
1887 792 1945 839 suo
1958 792 2030 857 gra-

481 880 563 950 tuito
584 894 714 943 assensu
735 875 916 942 solidarent
961 875 1113 942 videntes
1134 881 1241 941 autern
1261 875 1318 940 lilii
1339 876 1402 942 mei
1423 877 1575 944 nominnti
1604 877 1662 945 boc
1684 875 1824 943 Ecclesie
1850 880 1960 942 sancte
1980 894 2032 944 ce·

481 984 555 1052 dere
575 978 617 1047 ad
638 978 789 1045 honorem
807 985 841 1044 et
860 979 966 1044 anime
988 995 1057 1044 mee
1078 995 1148 1044 esse
1168 977 1210 1043 ad
1231 977 1375 1060 sulutem,
1395 979 1640 1048 satisfactionem
1662 982 1723 1046 iam
1746 977 1854 1046 domm
1883 985 1916 1045 et
1937 977 2032 1046 liber·

481 1089 580 1155 tatem
611 1081 795 1166 inpertitam
828 1086 931 1147 ratam
963 1079 1125 1161 hebentes,
1158 1080 1302 1146 inclinati
1331 1088 1462 1164 paterna
1491 1084 1647 1167 peticione
1675 1083 1801 1150 domino
1825 1082 1862 1149 T.
1885 1082 2031 1167 episeopo

481 1183 734 1252 wratislaviensi
756 1182 891 1266 propriis
913 1181 1024 1264 sigillis
1046 1182 1291 1248 instrumentum
1313 1181 1468 1252 libertatis
1490 1188 1724 1262 communitum,
1756 1190 1788 1252 lu
1808 1202 1872 1267 quo
1901 1183 2033 1251 libertas
2091 1184 2094 1189 ’

482 1286 683 1360 ecclesiarum
701 1284 914 1370 predictarum
936 1284 1059 1368 plenius
1082 1284 1263 1350 continetur
1284 1286 1472 1369 specificata,
1495 1292 1746 1356 transmiserunt
1790 1285 1839 1354 Ut
1852 1293 1960 1353 eutem
1974 1286 2033 1354 bec

485 1389 613 1459 donatio
635 1388 732 1455 robur
752 1387 908 1455 sorciatur
930 1391 1081 1470 perpetue
1102 1385 1263 1452 firmitatis
1284 1394 1317 1478 et
1339 1407 1360 1454 n
1380 1389 1459 1456 meis
1473 1391 1704 1458 suecessoribus
1718 1389 1943 1456 inuiolabiliter
1956 1406 2032 1456 cun·

482 1498 625 1562 servetur
644 1492 712 1557 sine
737 1490 823 1557 omni
850 1490 1063 1568 concussione,
1091 1488 1235 1572 patribus
1259 1490 1337 1557 meis
1370 1492 1557 1577 reverendis,
1583 1494 1708 1561 domino
1733 1493 1777 1560 M.
1802 1491 1981 1559 Guieuieusi
2000 1497 2035 1558 et

458 1580 461 1588 ¹
482 1594 608 1664 domino
630 1592 664 1660 P.
688 1592 879 1659 linconiensi
897 1591 1062 1675 episeopis,
1085 1609 1213 1674 presens
1230 1591 1473 1660 instrumentum
1494 1595 1680 1662 conferendo
1694 1596 1769 1662 duxi
1784 1593 2034 1681 supplicandum,

483 1702 638 1784 quatenus
660 1695 719 1762 bas
740 1713 825 1761 meas
847 1693 1032 1760 cellatimcs
1053 1711 1116 1759 non
1138 1693 1241 1760 solum
1264 1695 1297 1760 in
1317 1697 1454 1762 armario
1472 1696 1601 1763 ecclesie
1616 1696 1884 1765 Wratislaviensis
1899 1695 2035 1765 fideliter

481 1806 517 1869 et
535 1798 704 1883 diligenter
723 1797 843 1864 iaciant
864 1797 1052 1878 conservari,
1074 1795 1171 1862 immo
1193 1814 1250 1880 per
1271 1794 1383 1863 Sedem
1409 1799 1613 1882 apostolicam
1635 1801 1713 1875 meis
1739 1799 1933 1883 temporibus
1962 1817 2034 1886 pro·
2141 1793 2144 1799 ’

483 1907 594 1971 curent
614 1901 714 1968 eciem
734 1899 924 1981 confirmari,
946 1905 984 1965 ut
1005 1897 1092 1964 zelus
1114 1896 1298 1965 ambicionis
1320 1898 1441 1965 nullum
1455 1918 1597 1967 meorum
1611 1919 1836 1983 successorum,
1858 1901 1934 1969 dum
1949 1901 2034 1969 cleu
2159 1923 2160 1926 ¹

483 2021 554 2072 sero
574 2003 658 2071 diem
680 2009 865 2086 extremum,
888 2001 996 2071 flectat
1016 2008 1050 2068 et
1070 1999 1201 2068 inducat
1222 2000 1265 2067 ad
1285 2000 1362 2068 iacti
1383 2007 1449 2068 tam
1470 2003 1516 2088 pii
1536 2003 1815 2088 perturbationem.

515 2231 518 2237 ·
586 2206 858 2289 wmlsunensis,
880 2210 918 2273 de
946 2188 1142 2273 Wroceaseo.

1157 2504 1230 2590 Ns
1264 2499 1363 2589 227.

585 2614 780 2786 Boleslaus
807 2702 883 2784 iux
909 2698 1040 2785 illesis
1058 2704 1095 2784 st
1121 2700 1269 2785 Polonie
1295 2724 1326 2785 s
1351 2724 1384 2784 a
1410 2702 1501 2786 let
1525 2700 1568 2804 1
1590 2719 1752 2788 momnis
1772 2719 1839 2786 sus
1856 2718 1897 2787 ue
1910 2719 2037 2788 Krosm

484 2829 518 2891 et
536 2821 578 2890 cle
598 2821 741 2909 Zbaszyri
762 2821 933 2904 interdicit,
955 2839 995 2889 ne
1015 2841 1036 2890 a
1056 2820 1207 2890 iratribus
1228 2822 1268 2889 de
1289 2821 1429 2907 Pmadyt
1459 2821 1598 2906 minuam
1624 2822 1818 2890 annonem
1848 2822 1963 2890 telonei
1988 2841 2038 2891 η.

485 2924 725 3108 ᾳωὲοωᾶκ.
770 3029 942 3094 Brbbotelcce
986 3031 1128 3109 Mauo,
1151 3029 1215 3095 lu.
1233 3033 1336 3108 privil.
1356 3029 1410 3094 Nr.
1431 3029 1483 3091 17.

587 3231 655 3300 nos
680 3231 845 3301 solenus
870 3231 930 3299 os
959 3233 1067 3317 gmon
1094 3181 1165 3301 aar¹
1184 3181 1299 3300 suere*
1322 3237 1356 3300 et
1382 3230 1512 3300 enom
1536 3231 1690 3298 universis
1717 3232 1879 3300 momen
1907 3231 2036 3314 nosen

270 3334 276 3362 ²
383 3335 385 3340 ’
485 3340 551 3406 um
572 3334 612 3403 (le
633 3333 768 3403 Crostan
789 3352 884 3418 quam
905 3336 946 3402 de
967 3335 1125 3420 Zbensyn,
1147 3334 1326 3403 mandencio
1344 3333 1576 3402 ‹listnctissime
1589 3334 1649 3401 snb
1662 3332 1796 3402 obtentu
1808 3335 1915 3418 gracie
1928 3340 2037 3402 nostre

484 3438 680 3522 proemcim
701 3438 891 3506 auctoritate
912 3438 1111 3523 precipimus,
1134 3443 1291 3523 quatenus
1311 3455 1332 3503 a
1353 3435 1504 3505 iratribus
1524 3436 1565 3503 dc
1585 3435 1747 3518 Paradiso,
1767 3435 1913 3505 videlieet
1927 3454 2037 3505 mona·

459 3609 463 3616 ,
485 3538 562 3624 abis,
583 3541 618 3609 in
639 3542 793 3608 universis
813 3542 950 3625 negociis
971 3541 1121 3626 ipsorum,
1143 3542 1209 3608 sive
1231 3541 1264 3606 iu
1282 3557 1388 3607 rerum
1408 3556 1538 3607 suarum
1558 3538 1753 3620 emulorum,
1776 3540 1842 3607 siue
1863 3538 1964 3606 eciam
1986 3556 2038 3606 sa·

484 3641 547 3711 lem
566 3643 617 3711 rel
637 3643 789 3735 quidquid
811 3645 954 3725 emerint,
977 3644 1097 3712 nullam
1118 3645 1244 3728 penitus
1265 3642 1306 3711 ab
1324 3642 1402 3728 ipsis
1423 3643 1617 3710 ermtiomm
1638 3640 1769 3710 thelonii
1783 3643 1945 3728 requirere
1966 3661 2038 3726 pre·

485 3746 629 3827 sumatis,
650 3745 737 3813 sed
727 3765 761 3812 m
782 3747 889 3830 quiete
910 3746 992 3814 bona
1014 3752 1048 3814 et
1069 3765 1145 3830 pace
1166 3744 1295 3814 libera
1285 3762 1371 3831 rpsos
1391 3745 1522 3864 negocia
1543 3745 1682 3829 ipsorum
1695 3744 1808 3814 emtis
1823 3751 2038 3830 pertractem

486 3847 608 3932 scituri,
627 3866 663 3916 se
682 3867 810 3933 gravem
830 3849 1059 3932 indignacionis
1080 3857 1188 3917 nostre
1210 3867 1375 3918 censuram
1396 3847 1605 3930 incursurum,
1630 3849 1686 3932 qui
1712 3849 1786 3916 hnic
1813 3848 1964 3917 mandute
1985 3866 2042 3914 no-

486 3955 554 4016 stro
574 3956 609 4018 et
628 3951 772 4018 maxiem
794 3950 921 4020 obviare
941 3952 1123 4020 attentabit
1280 3952 1285 3962 '

591 4153 734 4237 Gnosiam,
763 4159 899 4238 Cressam
919 4162 997 4238 cauli
1017 4157 1144 4223 Kroinu.
1190 4156 1346 4242 Zbansyu‚
1372 4155 1516 4244 topazon
1560 4155 1741 4238 Pamdisus,
1765 4160 1918 4238 Parudpt.

1161 4556 1235 4643 Nc.
1269 4551 1367 4641 228.

589 4754 806 4838 Kasimirus
833 4756 910 4837 dux
937 4752 1133 4837 inerint
1097 4757 1133 4837 et
1160 4751 1365 4836 lundensis
1391 4758 1511 4835 1241
1546 4755 1731 4851 Jum17,
1764 4762 1806 4837 ln
1839 4751 2046 4857 Gopagnim

489 4879 664 4942 commutat
695 4873 907 4941 baerelitates
931 4891 1014 4940 suus
1045 4872 1196 4940 Glonien
1222 4880 1256 4939 et
1285 4873 1461 4959 Wrabcayn
1491 4894 1548 4959 pro
1576 4875 1772 4943 haereditate
1799 4874 1982 4942 monasterii
2009 4873 2049 4983 ‹le

490 4972 569 5062 m
560 4977 885 5161 ἓιένῒωξοῗῗῑὲζ.
946 5083 993 5144 Nu
1026 5084 1146 5149 niciucb
1175 5083 1339 5159 brennaco
1369 5081 1440 5146 birri.
1465 5081 1636 5145 iniebieslc
1661 5084 1889 5160 przpnlmonu
1917 5077 2048 5167 pleczfc,

484 5187 692 5261 memorem
713 5186 847 5249 leidzcu
868 5186 1031 5262 zbrojneou
1048 5188 1224 5271 psdupcepo
1245 5205 1272 5245 w
1295 5203 1408 5264 pruno.
1453 5186 1501 5247 Nu
1521 5187 1628 5262 clonia
1647 5185 1727 5246 Mur
1749 5184 1865 5263 plinii,
1889 5200 1931 5245 no
1949 5186 2052 5266 levicy
