4492 6224
491 608 496 618 ·
557 568 593 633 et
613 563 808 649 Augustinus
829 562 967 648 exponit,
988 562 1176 632 assiduitate
1195 563 1321 632 iurandi
1341 564 1382 632 ad
1397 565 1569 650 periurium
1591 585 1650 651 per
1663 568 1919 636 coruuctntinem
1933 569 2102 642 dilabatur.

558 667 758 754 Quapropter
778 667 934 735 iuratione
955 668 1026 752 quis
1048 687 1111 734 non
1132 673 1244 735 utatur
1263 670 1325 736 nisi
1346 670 1545 751 necessitate,
1567 687 1639 737 cum
1659 672 1747 739 videt
1759 672 1865 757 pigros
1879 690 1948 740 esse
1962 672 2103 746 homines

558 770 600 841 sd
633 769 821 838 crettondum
850 770 934 856 quod
963 771 1042 838 utile
1067 775 1117 838 est
1146 770 1193 838 cis
1225 770 1350 838 credere
1382 772 1444 838 nisi
1476 772 1634 840 iuratione
1662 772 1814 842 firmetur.
1857 773 1928 842 Hoc
1955 776 2103 849 nimirum

558 873 643 943 melo
671 892 709 943 ac
730 874 918 941 necessitate
939 873 1163 958 compellimur,
1190 873 1399 942 iuramentum
1424 894 1482 961 pro
1507 875 1578 958 lide,
1604 895 1662 961 pro
1687 877 1875 962 obedientia,
1901 897 1959 964 pro
1980 880 2104 952 unitata

557 978 726 1064 requirere.
770 977 878 1059 Porro,
902 977 1078 1062 apostolum
1100 976 1234 1044 Paulum
1255 997 1313 1061 pro
1335 978 1515 1045 auditorum
1535 978 1711 1048 diffidentia
1731 982 1862 1062 iurasse,
1884 982 1953 1050 eius
1970 983 2104 1071 epistole

558 1085 727 1150 testantur.
770 1081 872 1148 Aiunt
892 1081 925 1146 in
948 1078 1096 1147 Conciliis
1114 1085 1271 1146 statutum
1291 1098 1356 1146 nou
1377 1081 1524 1162 inveniri,
1558 1083 1650 1166 quasi
1671 1083 1812 1151 Mmone
1837 1084 1978 1153 Ecclesia
2002 1087 2103 1170 legem

559 1181 702 1252 eondln
722 1183 789 1251 ulla
815 1181 1010 1268 preiixerint:
1039 1200 1110 1249 cum
1132 1184 1239 1251 omnia
1261 1182 1402 1250 concilia
1423 1202 1480 1268 per
1500 1183 1641 1252 Ecclesia
1661 1184 1803 1253 Romam
1824 1189 2045 1256 anctoritatem
2071 1197 2104 1257 ct

558 1284 646 1356 lecta
666 1286 731 1353 sint
751 1291 785 1354 et
811 1285 907 1352 mbur
932 1285 1136 1367 ocemmdnt,
1167 1292 1201 1353 et
1226 1287 1259 1353 in
1284 1304 1393 1352 eorum
1419 1288 1550 1354 statutis
1575 1287 1720 1357 Murano
1751 1295 1898 1374 patema
1930 1291 2104 1361 auctoritas

558 1391 744 1476 excipiatur.
787 1388 900 1458 Nonne
932 1391 966 1456 iu
998 1388 1261 1457 Chalcedonensis
1294 1389 1427 1457 Consilii
1456 1390 1589 1457 Actione
1617 1390 1704 1459 XVI.
1738 1399 1895 1461 statutum
1922 1400 1985 1461 est:
2019 1396 2104 1464 Ante

559 1492 665 1564 omnia
686 1495 813 1580 quidem
838 1492 993 1578 primatus
1024 1493 1174 1560 honorem
1202 1494 1396 1578 precipuum,
1429 1492 1601 1562 secundmn
1633 1513 1768 1563 conones
1795 1498 1925 1580 antique
1951 1497 2102 1581 Romane,

558 1598 816 1668 reverendissimo
837 1596 1071 1680 archiepiscopo
1092 1596 1290 1663 muservari?
1331 1596 1454 1680 Itaque,
1480 1594 1564 1680 quod
1589 1604 1778 1665 censuerunt
1802 1617 1858 1665 rex
1883 1603 1917 1665 et
1940 1607 2104 1683 magnates

558 1721 580 1772 a
598 1699 781 1788 supradicta
802 1700 972 1767 iuramenti
994 1699 1172 1766 conditione
1186 1703 1218 1765 te
1232 1699 1405 1784 quiescere:
1428 1698 1592 1766 videturne
1605 1700 1694 1768 robis
1707 1701 1856 1769 iudicium
1870 1703 2105 1787 cumgelicum?

560 1805 728 1873 videturne
748 1805 903 1889 primatus
929 1803 1030 1869 nostri
1061 1801 1162 1868 honor
1196 1803 1383 1888 precipuus?
1423 1801 1584 1886 Numquid
1606 1804 1711 1871 animo
1737 1803 1849 1871 cecidit
1869 1805 1926 1873 illa
1946 1807 2105 1874 mutantia

558 1908 698 1977 Domini:
731 1905 804 1974 Non
824 1910 875 1974 est
895 1904 1067 1991 discipulus
1087 1922 1183 1989 super
1202 1905 1408 1989 magistrum?
1439 1904 1601 1988 Numquid
1621 1904 1804 1991 ilungnrieo
1824 1908 1958 1994 principi
1983 1907 2105 1977 dictum
2226 1984 2230 1993 ,

558 2017 621 2081 est:
665 2010 711 2079 Et
730 2017 772 2078 tu
797 2027 965 2079 censemus
997 2007 1147 2077 confirma
1176 2007 1292 2077 hatroe
1317 2010 1410 2077 tuos?
1452 2008 1613 2093 Numquid
1643 2010 1701 2078 hec
1730 2030 1788 2078 nos
1819 2011 1972 2079 commodi
2002 2014 2105 2080 nostri

558 2112 750 2202 proiectione
775 2113 977 2198 requirimus,
1004 2118 1037 2179 et
1062 2130 1125 2178 non
1146 2112 1280 2179 uniatis
1301 2112 1457 2182 catholice
1481 2111 1652 2180 statuimus
1672 2112 1924 2183 nmameatum?
1966 2116 2105 2184 Possunt

559 2218 764 2304 apostolicam
786 2215 898 2284 Sedem
924 2221 1137 2297 contemnere,
1167 2221 1300 2299 possunt
1325 2215 1491 2284 adversum
1518 2234 1577 2283 nos
1610 2216 1791 2286 calcamum
1822 2218 1958 2287 eleuare:
1993 2218 2104 2287 datum

559 2322 668 2393 aDeo
688 2321 884 2409 priuilegium
908 2327 1048 2388 enatem
1072 2321 1122 2387 vel
1147 2319 1270 2388 auterre
1295 2340 1359 2387 uon
1384 2326 1605 2406 possuntque
1631 2319 1726 2388 Petro
1752 2321 1872 2388 dictum
1894 2328 1957 2389 est:
2000 2322 2049 2389 Tu
2071 2340 2105 2390 es

558 2426 681 2507 Petrus
704 2431 738 2495 et
758 2443 853 2510 snper
872 2424 955 2492 hanc
974 2430 1097 2509 petram
1118 2422 1269 2490 edificabo
1290 2423 1466 2493 Ecclesiam
1487 2442 1603 2504 meam3
1630 2429 1676 2490 et:
1698 2423 1769 2491 Tibi
1787 2424 1869 2492 dabo
1891 2425 1994 2493 clavas
2015 2427 2106 2511 regni

558 2530 705 2599 celorum.
749 2528 869 2609 Quibm
889 2533 997 2594 tannen
1015 2532 1153 2611 quatuor
1174 2523 1384 2594 Conciliomm
1404 2527 1539 2594 decretis
1559 2526 1656 2594 dandi
1680 2527 1757 2611 palii
1779 2528 1891 2596 modus
1911 2529 2105 2613 prescriptus

558 2638 619 2716 est,
641 2638 675 2702 et
695 2630 897 2717 professionis
917 2630 968 2697 rel
989 2627 1170 2709 obedientie}
1187 2629 1264 2697 ordo
1291 2630 1432 2697 sancitis
1458 2633 1516 2696 est
1561 2626 1642 2696 enm
1666 2629 1765 2714 igitur
1787 2650 1809 2698 a
1828 2629 1910 2698 Sede
1930 2631 2107 2716 apostolica

557 2741 662 2804 vestre
682 2734 818 2820 insignia
838 2732 1003 2818 diguitatis
1024 2732 1149 2816 erigitis
1168 2749 1230 2816 que
1243 2751 1265 2799 a
1277 2732 1362 2799 beati
1377 2737 1501 2799 aarum
1514 2731 1605 2799 Petri
1616 2751 1746 2818 corpore
1758 2740 1971 2816 acmanto,
1985 2736 2106 2802 iustum

558 2843 618 2921 est,
639 2843 677 2905 ut
696 2855 752 2906 uos
773 2854 899 2923 quoque
919 2834 994 2903 Sedi
1018 2833 1192 2919 apostolice
1218 2833 1419 2902 subiectionis
1442 2833 1551 2902 debita
1574 2834 1666 2918 signa
1689 2835 1834 2918 solvatis,
1864 2854 1926 2921 que
1949 2856 2006 2906 uos
2033 2856 2105 2906 cum

558 2941 653 3011 bento
674 2941 769 3010 Petro
800 2946 963 3024 tamquam
996 2938 1137 3006 membra
1167 2939 1207 3006 de
1237 2938 1376 3006 membro
1406 2925 1529 3018 herere,
1560 2943 1595 3004 st
1624 2937 1773 3005 catholici
1804 2939 1918 3024 capitis
1948 2941 2105 3009 unitatem

558 3062 684 3113 mure
703 3044 875 3112 declarent
918 3042 957 3109 In
982 3040 1096 3126 quibus
1122 3060 1143 3108 a
1170 3040 1443 3126 predecessoribus
1468 3040 1586 3110 nostris
1615 3059 1655 3108 ea
1679 3047 1730 3109 est
1753 3041 1897 3110 adhibita
1919 3044 2105 3127 moderatio,

558 3151 598 3215 ut
616 3145 714 3213 nichil
734 3146 929 3227 iniuriosum,
951 3143 1048 3211 nichil
1069 3141 1197 3210 difficile
1217 3145 1260 3210 sit
1274 3144 1463 3228 appositum,
1484 3142 1569 3228 quod
1587 3161 1651 3211 non
1665 3145 1762 3211 etiam
1782 3152 1891 3229 preter
1910 3147 2106 3215 exactionem

557 3255 701 3318 nostruin
722 3248 763 3317 ab
785 3247 928 3317 omnibns
947 3245 1062 3314 debeat
1083 3246 1238 3331 episeopis
1258 3246 1428 3329 obseruari,
1443 3247 1499 3333 qui
1515 3246 1576 3314 snb
1590 3246 1804 3331 apostolorum
1822 3234 1998 3334 principum
2017 3250 2106 3318 Petri

558 3359 593 3422 et
612 3351 703 3420 Pauli
723 3350 902 3421 obedientia
922 3349 1128 3417 decreumunt
1145 3354 1180 3415 et
1191 3349 1316 3418 unitate
1329 3351 1507 3435 persistere
1537 3349 1700 3435 Numquid
1717 3368 1781 3418 non
1795 3351 1883 3420 ultra
1894 3342 1950 3419 v'os
1964 3351 2106 3421 Saxones

558 3453 704 3540 Dumque
722 3454 918 3523 consistunt?
941 3458 974 3520 et
992 3458 1100 3520 tamen
1120 3469 1229 3518 eorum
1249 3452 1484 3537 metropolitani
1503 3458 1538 3520 et
1556 3452 1640 3520 idern
1660 3452 1872 3522 iuramentum
1893 3463 2049 3538 asserum,
2071 3463 2106 3524 et

557 3555 679 3642 legatos
699 3556 873 3641 apostolice
892 3553 983 3623 Sedis
1003 3552 1174 3621 honorilice
1195 3560 1338 3623 metant
1358 3561 1393 3623 et
1412 3555 1446 3622 in
1464 3555 1531 3622 suis
1550 3557 1791 3626 necessitatibus
1804 3557 1965 3639 adiuuant,
1980 3563 2014 3626 et
2029 3578 2105 3644 apo-

558 3658 712 3728 stolomm
732 3658 843 3726 limina
859 3676 917 3743 per
937 3658 1058 3742 legatos
1079 3672 1153 3723 snos
1174 3675 1238 3723 non
1261 3663 1385 3725 uatum
1406 3676 1464 3743 per
1482 3657 1662 3741 trienninm,
1683 3659 1740 3727 sed
1764 3659 1856 3728 annis
1878 3661 2009 3745 ringula
2030 3662 2106 3729 visi.

559 3767 641 3831 tant
683 3759 1108 3830 Itateirntercharissime
1132 3758 1277 3826 fruamur
1300 3761 1335 3827 in
1359 3759 1508 3843 Domino,
1533 3765 1652 3829 utnon
1676 3760 2106 3847 perteinlleelesiissuh·

559 3864 724 3935 umbonis
745 3870 780 3933 et
799 3863 931 3946 dissidii,
953 3861 1037 3948 qnod
1059 3861 1154 3945 absit,
1175 3861 1298 3931 edatur
1313 3862 1447 3932 ocoesie.

1255 4179 1329 4264 Nr.
1362 4176 1402 4265 6.

661 4377 901 4463 Innocentius
931 4377 994 4482 Pp.
1026 4375 1068 4459 Π
1098 4377 1217 4457 1138
1249 4375 1337 4460 Jilll.
1368 4381 1411 4474 4,
1443 4376 1635 4479 Laterum
1670 4393 1711 4461 nd
1742 4392 1927 4478 petitionem
1954 4395 2106 4464 Norberti

558 4501 785 4586 archiepiscopi
805 4498 1084 4583 blnqdeburqensis
1105 4498 1260 4579 decernit,
1282 4502 1320 4564 ut
1343 4496 1544 4582 episcopatus
1564 4499 1604 4564 de
1624 4495 1781 4578 Saczecin,
1803 4495 1945 4582 Lnbusz,
1966 4499 2106 4584 Poanan,

558 4604 718 4684 Pomone,
740 4600 891 4683 Gniezno,
915 4600 1063 4684 Krakdw,
1087 4599 1255 4681 Wroclau,
1277 4599 1469 4681 Kmrszwica,
1490 4598 1592 4667 Ploclu
1613 4603 1648 4666 et
1668 4597 1875 4683 Wiodaaek,
1898 4602 2107 4688 archiepisco-

559 4707 609 4793 pis
629 4705 669 4774 dc
691 4704 885 4789 biundeburg
905 4706 973 4772 iure
995 4703 1225 4788 metropolitico
1247 4702 1440 4770 subiaceant.
1554 4767 1556 4771 Α

663 4813 804 4889 mpura
833 4814 959 4889 erypila,
989 4829 1011 4872 u
1033 4808 1159 4887 ktdrepo
1184 4827 1226 4872 no
1247 4811 1367 4872 aieleth
1392 4810 1543 4886 Jeuaaba
1574 4825 1720 4872 cremon
1751 4805 1857 4873 teila
1875 4815 2106 4890 przpnieazouo

558 4916 652 4981 bauo:
675 4913 876 4979 Innocentium
905 4911 960 4997 Pp.
986 4910 1026 4977 11.
1072 4915 1120 4975 No
1140 4911 1240 4976 laico
1256 4921 1350 4993 tastu,
1370 4915 1471 4992 praed
1485 4915 1639 4991 parabam
1656 4914 1859 4990 Israoceatepo
1876 4916 2020 4994 Papietu,
2037 4919 2104 4978 droa

558 5021 800 5096 koucmunjezac
827 5019 900 5080 doio
929 5019 1210 5096 przelcrzpiowoaa
1242 5015 1331 5096 Μάνῃ
1360 5024 1390 5080 to
1411 5019 1493 5079 zaclt
1512 5019 1608 5100 odtqd
1632 5016 1782 5100 dprlzierap
1810 5016 1974 5096 mzpaac:
2003 5020 2107 5097 Krzpi

469 5125 471 5128 ’
560 5141 588 5184 n
605 5120 798 5200 pierlcimiu.
837 5122 974 5181 Wama
986 5120 1171 5198 piericieain
1186 5124 1325 5198 dromeda:
1344 5118 1469 5185 ddiuvo
1482 5135 1539 5182 nos
1553 5117 1639 5184 nem
1653 5117 1804 5184 salutaris
1816 5123 1938 5198 nostem
1952 5140 1980 5183 ro
1993 5121 2107 5184 dorida

490 5278 497 5292 .
560 5241 583 5287 a
602 5222 694 5304 piro:
716 5222 779 5288 Sts.
801 5221 923 5288 Petrus.
951 5220 1014 5289 Sts.
1038 5221 1170 5302 Paulus3
1192 5244 1213 5286 a
1235 5228 1322 5288 dom:
1343 5222 1546 5289 hruoceutius
1566 5221 1621 5307 Pp.
1642 5221 1683 5288 ΙΙ.
1729 5228 1774 5286 l’o
1792 5227 1932 5303 podpirie
1960 5229 2042 5288 aaut
2066 5247 2107 5306 aa,

563 5331 641 5406 capii
662 5324 842 5409 subscripsi,
862 5346 904 5405 po
925 5331 1002 5389 eciem
1024 5347 1050 5389 ro
1071 5330 1288 5405 uroiuoqruuu'c:
1314 5325 1399 5392 Bene
1419 5325 1530 5391 vulcto.
1566 5329 1761 5390 b'rriudicoruie
1779 5331 1942 5408 podpuaar·
1960 5348 1988 5391 w
2006 5331 2108 5392 trzcaa
