4574 6240
1857 298 1905 379 ib

368 527 445 598 pent,
481 512 548 597 Quo
569 509 636 577 viso
657 506 768 575 Poloni
789 504 991 574 vehomenter
1011 504 1154 574 exterriti
1175 510 1208 573 et
1229 505 1294 575 iarn
1313 505 1410 573 nichil
1432 511 1539 590 preter
1558 506 1689 575 exitium
1710 511 1745 574 et
1764 505 1907 574 destruo·

369 629 482 698 tionom
511 622 594 684 terro
621 616 803 697 sperantes,
839 609 1052 676 munitissima
1073 615 1179 677 castra
1200 608 1351 692 (llogatna
1372 614 1406 675 et
1426 609 1550 691 Ditnm,
1587 614 1621 676 et
1648 609 1713 677 alia
1733 609 1826 694 plura
1846 626 1908 693 quc

369 729 451 819 prins
473 718 513 788 ab
534 717 625 784 boste
646 720 741 799 capta
762 731 825 779 non
846 712 982 793 inerant,
1004 713 1117 779 timore
1138 718 1246 778 nostro
1268 711 1483 793 incenderunt,
1504 716 1538 778 et
1557 711 1635 796 ipsi,
1657 712 1799 795 quemvis
1820 711 1908 779 auri·

183 886 188 895 .
233 809 236 815 ¹
369 833 409 902 lie
429 823 599 893 vicinarum
619 818 771 902 gentium,
793 816 1020 902 Rntlrenorum,
1042 815 1220 896 Pariorum,
1243 816 1440 895 Pruscornnn
1461 814 1715 895 Fundanorum,
1737 814 1908 881 maximum

368 926 535 1004 exercitum
555 921 764 1005 collegissent,
786 940 808 988 a
828 918 907 987 facie
929 926 1039 986 nostra
1059 902 1214 1004 ingerunt
1236 918 1304 987 Hos
1326 937 1399 987 vero
1421 917 1574 1003 fugientes
1595 919 1728 985 insecuti
1745 935 1854 984 sumus
1875 923 1909 984 et

368 1026 644 1123 perepiseopatum
655 1022 826 1089 Frodoelav
840 1028 873 1089 et
884 1021 1098 1105 episcopatum
1108 1021 1233 1088 Posnnn
1246 1027 1505 1103 transcurrentes,
1521 1027 1623 1089 totam
1633 1021 1698 1089 lere
1708 1028 1827 1088 terram
1837 1020 1909 1104 igno

369 1142 401 1207 et
412 1127 517 1217 gladio
531 1125 732 1192 vastavimus.
754 1123 827 1190 Dux
845 1123 954 1207 itaque
973 1123 1102 1190 Polonie
1122 1144 1193 1191 cum
1207 1131 1325 1192 terram
1340 1130 1441 1192 totam
1454 1131 1488 1192 et
1501 1125 1652 1210 populum
1670 1123 1783 1192 alacie
1796 1141 1909 1191 manus

368 1239 471 1307 nostre
484 1227 656 1315 periclitari
668 1226 798 1307 videret,
813 1227 970 1311 principes
984 1232 1109 1294 nostros
1125 1232 1192 1294 tum
1207 1247 1263 1312 per
1274 1230 1400 1296 nuntios
1414 1246 1499 1310 suos,
1514 1233 1582 1296 tum
1592 1228 1627 1295 in
1637 1246 1773 1313 persona
1781 1227 1910 1314 propria
2022 1255 2027 1264 ¹

370 1333 560 1424 sggrediens,
575 1329 684 1397 multis
698 1329 858 1415 precibus,
872 1328 981 1396 multis
994 1328 1132 1396 ucrimis
1147 1332 1198 1396 vix
1212 1330 1341 1398 tandem
1354 1330 1544 1415 impetravit,
1558 1337 1596 1397 ut
1609 1330 1668 1398 sub
1682 1331 1756 1415 iuga
1768 1331 1911 1398 domina·
1947 1384 1952 1399 .

369 1438 460 1511 tionis
492 1439 599 1501 nostre
631 1431 734 1498 redire
761 1437 795 1498 et
814 1431 950 1516 gratiam
972 1438 1113 1498 nostram
1133 1451 1318 1516 recuperare
1339 1440 1521 1500 mereretur.
1558 1433 1596 1500 In
1628 1433 1769 1518 predicto
1800 1434 1910 1517 itaque

368 1542 546 1630 episcopatu
567 1536 692 1603 Posnan
724 1535 758 1601 in
777 1534 937 1602 territorio
958 1533 1121 1619 Crisgove,
1155 1534 1296 1620 prelatus
1318 1535 1382 1601 dux
1402 1535 1562 1603 Bolizlnns
1583 1535 1714 1622 pedibus
1735 1534 1911 1603 maiestatis

368 1649 472 1715 nostro
492 1637 687 1725 provolutus,
709 1637 888 1705 interventu
909 1638 1085 1723 principum
1107 1638 1166 1705 hoc
1183 1637 1292 1706 ordine
1306 1639 1347 1704 -in
1368 1639 1504 1721 gratiam
1525 1645 1667 1706 nostram
1688 1645 1738 1706 cst
1755 1643 1910 1724 receptus

368 1747 470 1818 Primo
490 1743 608 1810 iuravit
628 1760 686 1829 pro
708 1760 742 1808 se
760 1746 794 1809 et
814 1759 872 1827 pro
893 1742 1037 1810 omnibus
1058 1742 1194 1823 Polonis,
1216 1742 1300 1826 quod
1320 1741 1420 1809 irater
1439 1759 1516 1808 suus
1537 1742 1624 1824 exul,
1647 1741 1689 1810 ed
1708 1741 1911 1826 ignominiam

369 1847 499 1920 Romani
520 1845 647 1930 Imperii
676 1863 739 1910 non
757 1837 854 1912 inerit
873 1845 1031 1931 expulsus.
1053 1845 1173 1927 Deinde
1192 1844 1351 1929 pollicitus
1372 1850 1422 1912 cst
1442 1844 1518 1912 dare
1536 1845 1599 1911 duo
1621 1844 1721 1911 millia
1734 1862 1911 1911 marcarum

368 1953 472 2035 nobs,
493 1955 528 2018 ct
547 1948 740 2035 principibus
762 1948 863 2032 mille,
885 1954 919 2016 ct
939 1950 1030 2016 uxori
1051 1955 1160 2016 nostre
1179 1948 1292 2033 viginti
1312 1966 1435 2017 marms
1457 1947 1542 2030 curi,
1567 1951 1601 2015 et
1622 1946 1708 2015 curie
1728 1951 1837 2015 nasim
1853 1945 1912 2013 du·

370 2061 475 2127 ceum
495 2069 619 2120 mareas
639 2051 779 2135 argenti3
801 2068 859 2136 pro
881 2069 919 2118 ee
940 2051 1131 2135 negligentia
1152 2049 1236 2135 quod
1254 2050 1297 2117 nd
1316 2051 1436 2118 endam
1456 2054 1599 2116 neonem
1613 2065 1676 2115 non
1692 2053 1832 2130 renuat
1853 2065 1912 2116 nec

369 2159 407 2228 de
426 2163 513 2226 terra
542 2152 682 2222 debitam
709 2152 800 2220 nobis
825 2152 945 2221 iecerat
969 2153 1164 2221 fidelitatem.
1200 2152 1323 2221 Iuravit
1348 2170 1473 2237 qaoque
1493 2151 1722 2236 expeditionem
1743 2150 1911 2219 Ytelinnm

370 2257 486 2328 Deinde
506 2256 633 2338 inravit,
654 2256 739 2340 quod
759 2256 802 2323 ad
823 2255 943 2323 cunam
958 2261 1102 2322 nostram
1123 2253 1339 2340 Magdeburgh
1356 2256 1391 2322 in
1411 2254 1522 2323 Natali
1542 2253 1670 2321 Domini
1696 2253 1913 2322 celebrandam

369 2360 472 2431 renue
492 2357 615 2440 debeat,
645 2375 741 2443 super
760 2359 957 2443 querimonia
978 2357 1086 2427 banis
1108 2359 1157 2426 sui
1178 2359 1300 2444 expulsi
1322 2358 1462 2444 plenarie
1482 2376 1698 2443 responsurus.
1731 2357 1845 2443 Sicqne
1864 2357 1930 2452 iu·¹

370 2468 441 2533 reta
459 2459 550 2529 nobis
569 2459 732 2542 fidelitate,
754 2466 788 2528 et
808 2461 964 2546 desupra
983 2461 1078 2528 dictis
1099 2461 1242 2528 omnibus
1262 2461 1398 2530 fideliter
1419 2460 1579 2549 explendis
1597 2462 1736 2547 acceptis
1752 2460 1914 2529 obsidibus

371 2564 546 2646 cecinero,
567 2561 667 2630 iratre
684 2562 788 2646 ducis,
820 2569 854 2632 et
875 2563 946 2632 eliis
965 2563 1138 2646 nobilibus,
1171 2564 1307 2649 gloriose
1326 2564 1395 2632 Deo
1421 2566 1500 2633 duee
1521 2565 1717 2634 revertimur.
1755 2563 1913 2647 Ceterum,

370 2666 443 2754 quia
461 2665 495 2733 in
515 2663 673 2750 legatione
691 2664 867 2733 literarum
887 2665 1088 2752 prudentiam
1109 2672 1198 2735 mam
1231 2667 1321 2735 nobis
1342 2669 1454 2736 edesse
1473 2667 1701 2751 desidmmus,
1737 2667 1914 2737 mandando

371 2785 515 2854 regamus
535 2767 735 2836 dlectionem
756 2773 860 2852 tunm
891 2774 1048 2854 qmtenns
1068 2769 1103 2838 ia
1122 2770 1231 2856 vigilia
1248 2771 1351 2840 macti
1372 2769 1537 2839 Michaelis
1555 2769 1730 2857 virzeburg
1750 2769 1842 2839 nobis
1862 2787 1915 2837 oc·
1959 2849 1961 2853 ¹

371 2889 498 2950 canae
516 2869 656 2939 lestines
1714 2921 1717 2928 .
1894 2925 1898 2933 .

471 3074 738 3160 Gorbeiensis,dc
764 3077 995 3161 decernibus.
1026 3077 1141 3162 Odere,
1169 3075 1917 3162 OdranBitnm,Bntori‚zniemieelccBeu·

372 3183 447 3247 tina
467 3178 649 3263 Dodeslan,
679 3183 835 3247 Wroeiou.
859 3180 1017 3268 Orisgono,
1040 3186 1242 3249 unarum.
1263 3180 1448 3268 virzeburg,
1474 3185 1651 3265 worm

1052 3481 1127 3569 Νι.
1158 3478 1227 3569 20.

470 3675 605 3761 blesico
631 3677 891 3762 dnx‘Polonie
925 3681 1045 3760 1173
1079 3678 1178 3782 lug.
1203 3681 1275 3778 31,
1309 3679 1353 3763 ia
1379 3679 1542 3786 dannan
1582 3696 1682 3769 meet
1710 3698 1918 3770 semiana

374 3792 589 3884 Wrnbcnynek
609 3799 802 3868 monasterio
820 3799 860 3866 de
881 3798 959 3884 Leo.

478 3904 619 3981 Pergam.
640 3909 759 3985 ageba
791 3906 892 3984 Bnep
914 3907 1004 3985 doing
1035 3907 1180 3985 tolotana
1208 3908 1337 3983 umine
1355 3908 1380 3969 4
1400 3908 1522 3971 dziwii
1540 3909 1582 3969 od
1596 3909 1835 3987 mnium
1851 3910 1920 3987 pie-

374 4007 462 4088 czgci,
484 4025 512 4068 re
525 4007 638 4085 jednej
656 4025 675 4068 z
695 4010 766 4072 niele
786 4008 865 4071 uitii
885 4006 1002 4088 rittega
1015 4010 1176 4086 jedeonbirc
1201 4013 1300 4074 euno
1320 4011 1469 4097 Morte
1490 4030 1508 4073 z
1520 4012 1682 4091 pierurzej
1693 4010 1924 4094 polovaIH

374 4108 474 4171 sicin
496 4107 624 4194 Pieczpd
644 4112 758 4174 mdia

476 4211 549 4275 soc
567 4212 638 4277 XX.
667 4214 902 4294 cnm-touched
924 4217 1105 4296 opoente,
1133 4216 1191 4279 Vol
1215 4215 1242 4280 1.
1265 4217 1318 4279 Nr.
1340 4217 1370 4280 l.

473 4413 512 4482 ln
532 4415 659 4483 nomme
680 4415 806 4483 Domini
826 4435 928 4485 amen.
958 4417 1110 4486 Memoris
1131 4417 1246 4485 oblivio
1261 4424 1451 4488 novercatur
1471 4424 1505 4489 et
1519 4419 1750 4505 longinquitate
1771 4420 1922 4506 temporis

375 4519 533 4595 neuram
555 4519 653 4586 series
675 4519 870 4596 obscuretur,
900 4519 962 4585 nisi
983 4520 1143 4587 vivacibus
1164 4520 1343 4588 litterarum
1364 4521 1488 4591 indiciis
1509 4523 1552 4590 sd
1571 4528 1716 4607 posteros
1728 4523 1921 4609 propaletur.

377 4611 474 4698 lgitnr
500 4637 558 4704 ego
577 4619 696 4687 Mesieo
717 4621 778 4689 Dei
798 4621 906 4705 gracia
926 4621 992 4688 dux
1011 4621 1141 4689 Polonie
1162 4628 1273 4691 notum
1294 4623 1377 4692 facio
1399 4630 1466 4692 tam
1492 4624 1692 4709 presentibus
1723 4647 1818 4711 quam
1838 4625 1924 4694 intu-

377 4715 431 4794 ris,
462 4722 548 4805 quod
568 4722 707 4790 invocem
728 4728 762 4790 et
789 4725 928 4809 graciam
948 4743 1044 4808 quam
1062 4744 1137 4809 gero
1159 4725 1338 4810 specialiter
1357 4727 1399 4794 ed
1419 4726 1534 4794 irenes
1556 4725 1685 4794 Ordinis
1706 4726 1922 4797 cisterciensis

379 4816 487 4890 domus
510 4823 682 4892 leudensis
702 4833 811 4893 nostre
832 4826 1027 4894 mndadonis
1049 4827 1215 4895 intendens
1239 4828 1392 4914 ampliare
1424 4835 1461 4896 ut
1488 4848 1526 4896 eo
1547 4831 1660 4900 melius
1679 4830 1806 4899 valeam
1826 4832 1925 4917 persi·

378 4925 460 4991 tiore
481 4927 515 4994 in
536 4928 633 4995 divini
655 4929 789 4996 nominis
810 4929 976 5006 famulatu,
1008 4929 1050 4998 ad
1075 4931 1261 5013 peticionem
1296 4932 1341 5017 pii
1370 4933 1471 5017 patris
1499 4932 1618 5000 domini
1639 4932 1781 5001 Bertoldi
1800 4933 1925 5003 abbatis

380 5023 516 5095 nuslcm
530 5031 716 5098 monasterii
733 5033 846 5115 suique
866 5032 971 5099 devoti
987 5030 1168 5099 Conventus
1188 5033 1302 5101 donavi
1323 5032 1530 5102 hereditatem
1551 5041 1696 5103 posnam
1716 5034 1833 5102 dictam
1853 5055 1926 5122 par·

379 5139 449 5194 rnna
470 5129 632 5223 Vronchin
653 5134 781 5217 eislem,
802 5155 873 5202 cum
895 5136 969 5214 sale,
991 5135 1134 5211 incubus,
1156 5137 1332 5221 piscacione
1351 5156 1390 5205 ac
1411 5139 1588 5221 venoeioae,
1610 5139 1743 5222 elinqne
1763 5138 1872 5206 usibus
1893 5140 1927 5207 in

381 5233 608 5309 nouandarum
631 5237 665 5303 iu
685 5238 730 5306 ibi
749 5239 956 5307 ensnnubus
984 5244 1018 5305 et
1050 5238 1083 5305 in
1113 5245 1274 5323 posterum
1294 5241 1553 5323 canescentibus,
1584 5240 1627 5310 ab
1646 5242 1789 5310 omnibus
1806 5242 1928 5327 iuribus

1718 5360 1737 5415 t
