4574 6240
1947 299 2020 374 187

473 504 623 592 indigent,
646 517 703 583 per
724 497 835 582 scripti
857 447 1084 565 continenciam
1101 499 1134 564 in
1157 499 1305 566 noticiam
1324 499 1498 566 tmmmitti
1520 504 1726 584 posterorum.
1770 500 1951 584 Eapropter
1963 517 2022 583 ego

473 605 656 680 boleslavus
678 600 736 668 Dei
757 600 865 684 gracia
886 601 949 667 ‹lux
972 600 1170 669 Zandomirie
1200 621 1270 670 cum
1299 610 1401 670 matre
1423 621 1493 669 men
1510 603 1664 671 universis
1685 602 1885 687 presentibus
1912 608 1947 672 et
1966 621 2022 687 pe·
2160 691 2165 700 ἡ

477 709 570 781 eteris
588 711 698 772 notum
727 722 796 771 esse
817 703 898 784 vole,
918 705 1001 787 qued
1023 703 1210 771 venerabilis
1231 713 1323 788 pater
1350 705 1448 772 l'ulco
1469 705 1575 772 divine
1601 705 1801 790 providencia
1828 705 2023 775 Gneznensis

474 809 602 884 ecclesie
623 807 875 891 archiepiscopus
897 807 1003 873 villam
1027 807 1180 892 Campino
1201 810 1285 875 inter
1301 799 1457 893 Rospram
1471 817 1505 876 et
1519 809 1665 894 Mileyovv
1683 810 1789 890 sitam,
1812 826 1907 891 quam
1921 829 1943 877 a
1955 809 2020 878 fra·

474 924 523 985 tre
542 930 600 980 suo
622 910 764 995 patruele
786 912 901 978 comite
922 910 1016 978 Patre
1038 918 1071 978 et
1094 911 1158 979 lilio
1180 930 1237 977 sue
1260 912 1430 978 Mironesie
1458 931 1516 996 pro
1544 912 1609 978 alia
1633 910 1710 978 villa
1736 909 1867 990 Quilitia
1895 911 2024 979 nomine

472 1013 693 1094 recumbserat,
712 1012 828 1080 eisdem
851 1015 949 1081 eciam
971 1015 1169 1097 presentibus
1188 1020 1222 1080 et
1241 1014 1511 1081 consencientibus
1531 1013 1648 1082 Domui
1669 1012 1709 1080 de
1730 1012 1877 1097 Zuleyow
1895 1030 1954 1097 pre
1973 1031 2022 1081 re·
2083 1009 2087 1016 ’

471 1117 573 1189 medlo
594 1117 698 1183 anime
719 1134 775 1183 sue
795 1115 931 1183 contulit
952 1117 1019 1184 iure
1043 1118 1232 1185 hereditario
1254 1117 1285 1183 iu
1305 1121 1449 1183 eternum
1471 1117 1701 1201 possidendam.
1733 1117 1849 1182 netum
1870 1115 1904 1182 iu
1925 1114 2022 1183 Pred-

471 1224 529 1291 ber
550 1220 583 1285 in
604 1220 759 1303 colloquio
781 1221 865 1287 inter
885 1239 936 1286 rne
957 1227 991 1288 et
1012 1228 1145 1288 rnamem
1168 1239 1269 1287 meam
1290 1239 1361 1287 eum
1383 1220 1553 1288 homnibus
1580 1220 1698 1288 nostris
1719 1237 1758 1286 er
1780 1237 1844 1284 una
1864 1223 1966 1302 parte
1988 1222 2023 1285 et

471 1329 618 1411 patrum
639 1340 742 1390 meum
763 1322 874 1389 ducam
890 1321 1069 1389 Cenandum
1090 1323 1242 1390 etlilium
1264 1324 1331 1389 eius
1353 1321 1551 1389 Semevidum
1573 1342 1612 1390 ex
1632 1322 1745 1404 altera,
1767 1319 1829 1386 VII
1851 1318 1928 1386 ldus
1948 1318 2022 1386 Iulii

470 1423 627 1496 celebrato
648 1443 730 1491 anno
751 1424 856 1508 gracie
878 1423 1196 1506 M.cc.xxx.vn11,
1218 1424 1415 1510 presentibus
1436 1427 1536 1492 eciam
1557 1423 1815 1509 quampluribus
1836 1440 1945 1490 eorum
1964 1440 2021 1488 ne-

472 1526 558 1596 mina
578 1533 655 1593 sunt
674 1526 745 1593 bec:
768 1525 915 1593 deminus
936 1526 1095 1594 Wislavus
1117 1529 1281 1612 episcopus
1309 1526 1533 1608 cracoviensis,
1560 1526 1728 1594 Pacoslaus
1751 1525 1912 1610 pdaunm
1938 1523 2020 1592 Zau·

474 1627 615 1711 domine,
637 1627 777 1713 bistivuy
798 1628 957 1712 palatim
978 1628 1133 1711 baccinis,
1156 1630 1325 1697 Paeoslaus
1355 1631 1544 1698 castellanus
1565 1629 1705 1711 Vislieie,
1734 1626 1888 1698 lacbobus
1909 1627 2022 1696 castel·

470 1731 563 1800 lanus
593 1729 803 1812 Zandomirie
836 1731 949 1798 Tomos
983 1733 1175 1800 eastellanus
1206 1732 1361 1814 Laneicie,
1393 1732 1536 1800 Sdislaus
1567 1733 1758 1801 castellanus
1783 1733 1825 1799 de
1852 1731 2022 1815 Malopest,

471 1832 607 1902 Michael
628 1834 786 1918 pincerna,
810 1833 982 1902 Niebolaus
1003 1836 1106 1920 iudex,
1128 1835 1301 1918 Brenisius,
1323 1836 1485 1905 Prandota
1506 1837 1685 1922 prepositus
1706 1836 1886 1917 liddensis,
1907 1833 2022 1901 Petrus

470 1934 730 2018 subcamerarius
752 1936 931 2004 Palibosius
951 1936 1070 2005 domini
1091 1939 1317 2023 archiepiscopi
1336 1940 1537 2022 camerarius,
1559 1940 1704 2007 dominus
1724 1937 1897 2006 Volimirus
1918 1934 2022 2003 archi·

470 2038 620 2107 damam
641 2038 682 2106 de
700 2038 803 2106 liudo
846 2038 965 2106 Datum
987 2058 1044 2124 per
1064 2059 1191 2108 ιιιιιιιιιι
1211 2040 1341 2122 Ianusii,
1360 2041 1479 2108 domini
1500 2041 1726 2126 archiepiscopi
1747 2038 1935 2108 cancellarie
1974 2035 2022 2105 Ut

472 2145 578 2210 autem
600 2146 667 2209 tam
689 2141 861 2225 sollempne
879 2141 1001 2209 iactum
1022 2149 1174 2226 perpetue
1195 2143 1356 2211 irminam
1376 2145 1473 2212 robur
1493 2144 1644 2225 obtineat,
1673 2149 1852 2228 presentem
1873 2140 2021 2226 pagiuam

473 2261 543 2311 meo
564 2260 623 2311 nec
644 2261 707 2310 non
728 2249 762 2311 et
782 2244 917 2312 aliorum
935 2244 1047 2328 sigillis
1069 2244 1129 2312 ieci
1151 2245 1303 2313 reborari.

575 2446 739 2534 camnine,
761 2454 856 2514 osam
883 2455 999 2516 mnan
1043 2450 1176 2535 aspra,
1205 2455 1355 2534 mzprza
1398 2449 1554 2536 ladmen,
1586 2454 1726 2528 unam.
1770 2447 1913 2530 Quium
1939 2418 2039 2512 sna?

471 2557 542 2618 dria
587 2551 745 2636 Zuleyovv,
768 2556 904 2633 muman.
941 2552 1090 2636 Pmdber,
1119 2556 1301 2620 haedmn.
1345 2553 1513 2638 Malogost,
1538 2557 1739 2634 noemma.
1783 2550 1961 2632 Kilciensis
1984 2553 2022 2615 de

471 2653 849 2731 mundanam.
1611 2720 1670 2798 ,ἦ

1142 2851 1216 2936 Nr.
1249 2847 1348 2937 222

574 3045 688 3132 ldae
716 3046 914 3132 dneaneus
941 3048 1089 3132 aedesio
1116 3048 1539 3152 archiepiscop.1240
1574 3047 1654 3148 (ric)
1681 3044 1778 3150 sept
1803 3047 1891 3156 80,
1911 3066 1947 3189 Ιι.
1972 3044 2019 3148 b3

471 3165 592 3235 oonimt
613 3170 802 3236 monasterie
824 3168 864 3235 de
885 3168 955 3254 Led
975 3169 1112 3236 decimas
1134 3168 1325 3253 capellarum
1346 3184 1371 3233 s.
1392 3167 1480 3234 Petri
1500 3174 1535 3234 et
1554 3186 1579 3234 s.
1601 3167 1757 3234 Andreae

574 3271 709 3337 Poma
753 3278 871 3353 Konipl.
896 3275 1001 3337 Sinon
1022 3277 1111 3338 Arclt
1155 3275 1232 3359 Led,
1256 3271 1322 3338 Lo.
1344 3276 1442 3372 primii
1461 3275 1497 3349 B,
1520 3274 1575 3337 Nr.
1597 3273 1650 3358 38,

577 3473 616 3544 In
646 3477 771 3545 nemim
803 3476 932 3544 Domini
952 3495 1053 3544 amen.
1099 3475 1179 3543 Cum
1199 3483 1275 3545 ante
1300 3475 1439 3543 tribunal
1470 3475 1590 3544 Christi
1611 3481 1699 3545 stare
1725 3475 1894 3543 debeamus
1915 3476 1948 3541 in
1969 3476 2022 3543 die

471 3578 653 3661 aerumma,
675 3579 741 3646 sire
754 3579 872 3647 bonum
886 3581 953 3647 sive
966 3580 1085 3646 malum
1106 3586 1202 3662 prout
1223 3579 1256 3645 in
1278 3597 1408 3663 corpore
1429 3579 1619 3664 gesserim
1632 3579 1801 3663 recepturi,
1822 3583 1971 3663 opportet
1984 3583 2023 3646 ut

474 3679 518 3749 ad
531 3686 641 3750 eterm
661 3682 726 3749 vite
747 3683 882 3766 patriam
902 3701 959 3767 per
973 3701 1069 3767 opera
1089 3682 1301 3750 misericordie
1322 3682 1413 3749 nobis
1434 3682 1579 3750 semitam
1594 3700 1806 3767 preparemus.
1850 3681 1953 3766 Igitur
1965 3699 2024 3748 nos

472 3781 571 3852 Fiden
584 3783 645 3852 Dei
664 3784 770 3869 gracia
784 3789 892 3852 sancte
911 3785 1105 3852 Gneaneusis
1132 3785 1263 3851 ecclesie
1286 3783 1538 3868 archiepiscopus
1560 3791 1671 3852 notum
1692 3802 1761 3851 esse
1781 3784 1926 3852 volumus
1952 3785 2022 3851 uni·

471 3886 571 3954 versis
584 3891 761 3972 presentem
777 3886 923 3972 paginam
944 3888 1142 3972 inspecturis,
1156 3886 1242 3971 quod
1263 3904 1334 3953 eum
1352 3885 1486 3953 illustris
1508 3888 1652 3972 prinecps
1674 3886 1819 3954 dominus
1841 3885 2024 3954 vladislaus

477 3987 561 4056 ilius
576 3987 694 4057 Odonis
708 3989 773 4056 dux
792 3990 921 4057 Polenie
935 3991 1021 4075 apud
1043 3990 1207 4058 cenobium
1225 3988 1390 4057 Landcnse
1411 3989 1512 4073 pridie
1526 3989 1660 4075 Remigii
1682 4008 1754 4056 eum
1768 3991 1833 4056 suis
1854 3989 2025 4057 baronibus

472 4092 601 4176 negocia
622 4096 706 4160 terre
727 4092 909 4176 ingrueneia
930 4093 1121 4178 disponam
1151 4092 1266 4160 aceidu
1294 4097 1332 4158 ut
1357 4090 1507 4158 divimtus
1540 4093 1709 4160 instinctus
1740 4092 1846 4158 varias
1877 4093 2024 4176 angarias

472 4192 597 4263 abbatis
629 4192 825 4277 babumque
857 4194 934 4261 inibi
964 4195 1031 4262 Deo
1064 4196 1270 4264 serviencium
1303 4194 1431 4277 pietatis
1466 4195 1556 4263 oculo
1592 4195 1816 4276 consideraret,
1849 4201 1883 4262 st
1919 4194 2023 4263 locum

472 4296 568 4364 metri
590 4297 674 4381 qued
694 4296 858 4366 dicebatur
877 4296 986 4364 Lenda
1007 4317 1078 4364 curn
1099 4299 1165 4363 suis
1186 4297 1373 4363 mutandis
1393 4298 1439 4362 eis
1459 4296 1610 4378 tribuens,
1626 4297 1764 4380 capellas
1778 4297 1881 4363 sancti
1895 4297 2021 4366 Andros

471 4400 636 4485 mamque
656 4400 752 4483 Petri,
775 4407 871 4486 prout
892 4402 941 4467 sui
963 4407 1150 4484 patronatus
1169 4399 1305 4478 fumant,
1327 4399 1495 4466 devocione
1515 4401 1727 4468 intentissima
1755 4400 1895 4484 ipsorum
1910 4439 1912 4442 <
1925 4402 2023 4468 ascri·

471 4500 561 4571 beret
591 4505 755 4589 potestati.
806 4502 947 4586 Cumque
978 4504 1175 4586 confingeret
1207 4519 1265 4568 nes
1294 4502 1460 4570 vocacione
1489 4504 1640 4587 principis
1670 4503 1810 4570 eiusdem
1843 4501 2022 4570 huiusmodi

473 4604 630 4690 codequio
648 4624 712 4673 une
729 4622 800 4671 eum
822 4604 992 4690 venerabili
1012 4604 1111 4672 trabe
1132 4611 1242 4673 nostro
1263 4610 1297 4671 et
1322 4602 1505 4691 coepiscope
1527 4606 1653 4672 domino
1685 4605 1785 4672 Paulo
1816 4604 2024 4673 Poznauiensi

474 4707 637 4789 interesse,
659 4706 804 4791 precibus
824 4706 957 4792 predicti
980 4708 1129 4791 principis
1144 4725 1182 4773 ac
1196 4706 1397 4773 devotissima
1416 4706 1674 4790 deprecationum
1695 4708 1848 4775 bereum
1869 4707 2025 4775 instancia

472 4808 600 4894 pulsati,
619 4809 745 4877 abbatis
765 4809 962 4892 fratrumque
983 4827 1111 4875 suorum
1134 4815 1320 4894 paupertate
1339 4808 1511 4876 miserabili
1529 4809 1712 4877 medullitus
1745 4811 1935 4894 compuncti,
1969 4810 2023 4877 de·

471 4910 569 4979 dmas
589 4911 746 4979 dictorum
769 4912 960 4997 capellanum
982 4911 1049 4978 llee
1078 4911 1233 4996 beatoque
1262 4910 1363 4977 Marie
1393 4930 1516 4996 semper
1536 4913 1650 4997 virgini
1672 4931 1730 4997 pre
1753 4912 1890 4979 remedio
1920 4912 2024 4978 anime

471 5019 580 5100 nostre
602 5032 639 5083 oc
660 5033 873 5082 sucessorem
896 5021 1075 5081 nostrorum
1098 5014 1207 5081 usibus
1233 5012 1367 5080 fratrum
1389 5014 1589 5097 contulimus,
1612 5021 1708 5099 prout
1728 5032 1812 5080 nunc
1832 5021 1909 5081 sunt
1929 5033 1967 5081 oe
1990 5015 2024 5081 in

472 5120 633 5199 postorum
655 5136 723 5185 esse
742 5124 893 5202 poterunt
914 5125 1066 5201 perpetuo
1089 5115 1300 5202 pmssivlcudus,
1327 5116 1448 5183 nullam
1470 5117 1643 5183 utilitatem
1674 5117 1866 5200 excipientes
1892 5135 1954 5201 que
1984 5119 2023 5185 de

473 5236 556 5288 nova
587 5219 726 5304 ipsarum
754 5220 961 5305 ampliatione
985 5221 1103 5306 poterit
1128 5219 1253 5287 exoriri.
1297 5218 1344 5286 Ut
1374 5225 1483 5287 autem
1510 5225 1619 5288 nestra
1647 5225 1714 5287 tam
1745 5217 1860 5287 devota
1893 5218 2025 5289 donacio

1817 5338 1867 5394 ii·
