4574 6240
1889 307 1965 383 lto

416 512 643 607 plecaciouibus
661 517 695 580 et
716 510 892 580 custoribus
913 511 946 582 iu
968 509 1063 579 fluvio
1085 508 1199 578 Warta
1216 509 1389 595 risulisqne
1410 507 1625 577 adiacentibus
1646 527 1685 576 ac
1703 506 1834 576 lacubus
1854 527 1875 575 a
1897 525 1964 576 css·

416 607 483 690 atro
504 615 628 702 pretato
648 634 748 700 usquc
767 616 800 682 in
822 614 952 695 Vmber,
980 614 1020 682 ob
1041 619 1225 698 perpetuam
1251 612 1356 680 anime
1385 629 1455 679 mee
1475 611 1620 694 salutem
1643 611 1878 696 progenitorum
1899 612 1965 679 duc

416 737 638 800 suocoesorum,
667 724 771 785 totum
800 719 886 801 quod
914 718 992 785 iuris
1013 717 1075 785 mei
1096 715 1214 798 iuerat,
1237 715 1434 782 subditorum
1457 719 1514 782 aut
1535 721 1774 799 procuraturum
1793 713 1967 782 leudensis

417 821 580 904 territorii,
609 821 668 889 Ilei
704 823 849 905 genitrici
875 823 989 889 deuota
1012 826 1118 888 mente
1143 818 1245 904 optuli
1273 837 1311 886 uc
1336 816 1458 885 libenti
1500 817 1634 900 Insuper
1664 817 1744 883 duos
1777 819 1968 886 castorurioe

416 925 560 1014 proprios
578 942 665 992 meos
687 940 758 992 cum
780 924 866 991 omni
887 924 1074 1008 posteritate
1096 922 1247 1006 ipsorum,
1276 920 1424 987 servituti
1445 920 1569 988 obbatis
1590 919 1666 986 dIcti
1692 921 1876 987 monasterii
1894 920 1967 988 sub·

418 1026 533 1113 iugari,
563 1026 642 1093 dans
670 1026 718 1093 illi
746 1026 927 1094 libertatem
956 1031 1096 1094 castores
1122 1022 1264 1108 capiendi
1287 1041 1358 1090 cnm
1385 1040 1443 1090 sne
1471 1022 1599 1090 libuerit
1618 1021 1784 1088 voluntati.
1828 1020 1969 1107 Etonia
2049 1028 2052 1035 '

418 1125 547 1198 intendo
566 1127 737 1196 reformare
757 1127 894 1195 Domum
915 1127 1139 1213 pauperculam
1161 1125 1212 1194 cui
1233 1124 1398 1192 interitum
1425 1124 1571 1209 trequm
1600 1124 1744 1191 incendia
1770 1123 1843 1208 (sic)
1869 1125 1968 1191 miuu-

417 1231 523 1313 batur,
554 1228 712 1312 ecclesias,
743 1230 846 1297 sancti
874 1230 1000 1297 dudm
1028 1229 1149 1297 milicet
1174 1232 1208 1295 et
1230 1226 1333 1294 suncti
1361 1225 1449 1294 Petri
1475 1246 1610 1311 quarum
1635 1232 1822 1312 patronatus
1849 1224 1891 1292 ud
1917 1245 1968 1294 mo

418 1330 598 1418 spectabat,
625 1331 719 1416 pleno
744 1332 814 1398 iure
838 1330 918 1399 dicti
943 1331 1067 1399 obbatis
1092 1328 1238 1398 manibus
1264 1329 1431 1413 muneri,
1461 1329 1624 1413 inpetrans
1645 1348 1666 1396 c
1686 1327 1856 1396 venerabili
1877 1336 1969 1412 putre

418 1434 543 1503 domino
565 1433 703 1501 lidocrm
723 1434 958 1518 crchIopiscopo
980 1432 1158 1501 Gneanensi
1180 1430 1316 1497 decimas
1339 1429 1451 1497 barum
1473 1430 1684 1512 ecclesiarum,
1703 1450 1761 1516 pro
1778 1430 1890 1498 maiori
1904 1428 1970 1496 sni·

419 1535 518 1620 iragio
540 1534 686 1619 religiose
707 1536 943 1620 congregacioni
965 1534 1079 1602 donavi
1097 1536 1294 1617 donatusque
1314 1532 1447 1600 litterali
1481 1534 1659 1602 testimonio
1693 1533 1883 1602 confirmavi.
1927 1531 1972 1600 Et

418 1638 568 1724 quonum
589 1638 695 1705 minus
713 1643 765 1706 est
784 1644 930 1722 respectu
951 1636 1055 1705 divine
1073 1635 1225 1706 mercedis
1246 1641 1523 1720 quantumcunque
1545 1637 1605 1704 Dei
1625 1638 1849 1722 omnipotentis
1870 1637 1970 1704 mani·

420 1741 479 1811 bns
501 1739 663 1824 offeratur,
685 1740 830 1810 addimus
848 1747 882 1808 et
903 1739 1122 1808 confirmamus
1144 1740 1282 1807 claustro
1300 1736 1457 1807 uenumsi
1478 1758 1609 1824 parrum
1625 1739 1801 1808 Vronachin
1816 1759 1889 1808 cum
1902 1740 1970 1808 sule

419 1848 454 1912 et
474 1843 587 1930 pratis,
609 1842 740 1912 acubus
762 1861 821 1911 nec
842 1862 906 1910 non
924 1862 998 1910 cum
1019 1842 1164 1909 omnibus
1183 1840 1376 1908 unitatibus
1396 1859 1460 1925 que
1480 1843 1513 1907 in
1534 1841 1605 1927 ipsc
1631 1841 1807 1910 hereditate
1828 1848 1905 1909 sunt
1936 1843 1970 1910 in

420 1945 525 2028 borra,
547 1945 637 2027 silua,
660 1962 788 2013 nemore
810 1951 844 2012 et
868 1948 964 2030 agris,
993 1944 1190 2030 integraliter
1211 1948 1307 2027 prout
1328 1942 1408 2011 boue
1428 1946 1577 2012 memorie
1597 1963 1729 2029 magum
1750 1945 1814 2011 dux
1840 1943 1970 2012 Mescbo

420 2047 521 2118 eidem
543 2048 659 2116 Domui
680 2046 862 2116 contulerat
882 2048 1025 2132 quamvis
1046 2049 1079 2113 in
1101 2046 1201 2130 ipsius
1232 2045 1395 2131 privilegio
1423 2066 1485 2113 non
1511 2047 1607 2116 tuerit
1639 2047 1763 2131 plenius
1789 2054 1969 2116 exaratum:

420 2151 540 2222 scilioet
562 2158 600 2218 ut
620 2151 741 2219 mencio
761 2150 947 2218 hereditatis
968 2151 1062 2217 huius
1084 2168 1154 2217 cum
1177 2147 1322 2216 omuibus
1343 2149 1536 2218 utilitatibus
1571 2150 1637 2216 suis
1670 2149 1772 2232 lieret,
1797 2150 1881 2234 qnod
1913 2168 1971 2218 nos

419 2253 617 2342 presentibus
650 2253 860 2321 emendamus.
906 2252 1024 2320 Datum
1045 2258 1079 2319 et
1102 2258 1207 2319 actum
1229 2268 1313 2316 anno
1337 2250 1464 2317 Domini
1494 2249 1752 2331 MCXXXVL
1786 2250 1972 2320 duodecimo

420 2355 580 2426 Kalendas
603 2355 798 2437 Novembris,
821 2355 996 2423 Indictionc
1017 2354 1090 2436 XII,
1112 2352 1311 2440 presentibus
1332 2355 1476 2438 patribus
1491 2353 1682 2436 clarissimis,
1697 2353 1842 2422 videlicet
1856 2373 1973 2422 memo·

420 2466 490 2530 rato
512 2458 638 2527 domino
660 2458 799 2526 Fulcone
820 2459 1054 2544 archiepiscopo
1075 2458 1263 2539 Gneznensi
1296 2457 1423 2526 domino
1445 2459 1543 2526 Paulo
1575 2459 1723 2543 episcopo
1756 2457 1972 2541 PoznanIensi,

420 2561 535 2630 Ianecb
555 2580 671 2647 magno
693 2562 834 2647 palatino
858 2560 1055 2640 chaldeaei,
1078 2559 1206 2642 Bogusu
1228 2559 1399 2628 castellano
1422 2559 1587 2641 Lendensi,
1616 2559 1800 2628 Gobelbudo
1824 2560 1974 2629 wlodurio

419 2665 547 2733 etaliis
568 2664 827 2750 quampluribus
850 2663 911 2731 fide
932 2663 1045 2747 dignis
1091 2662 1265 2730 litantem
1287 2661 1345 2730 bec
1367 2662 1486 2730 Domus
1510 2661 1552 2729 ab
1579 2664 1669 2751 ‘omni
1703 2663 1898 2732 incommodo
1931 2664 1975 2730 sit

423 2765 533 2848 libera,
556 2771 591 2835 et
611 2766 788 2852 prescripta
808 2772 883 2833 rata
902 2771 936 2833 et
953 2763 1141 2833 inconvulsa
1161 2771 1377 2850 permaneum,
1392 2763 1488 2849 sigilli
1502 2766 1565 2832 mei
1583 2766 1776 2850 appensione
1794 2774 1974 2850 presentem

422 2869 564 2938 caulam
581 2870 780 2939 communivi.

525 3073 710 3156 hendensis,
733 3079 771 3141 dc
793 3074 877 3163 Lod·
916 3073 1045 3157 Virbez‚
1074 3077 1238 3154 Wierzbicc
1256 3077 1394 3141 ructio
1437 3073 1574 3144 Panum
1595 3074 1785 3158 VronscbIn‚
1809 3077 1975 3176 Wrobczy·

420 3179 489 3244 nole.
534 3174 752 3258 Ohnlisiensis,
774 3182 812 3244 dc
832 3176 949 3244 Kalisz.

1095 3451 1178 3563 rog
1198 3468 1303 3561 roe

526 3668 740 3755 Brentesius
767 3691 885 3754 umes
912 3673 949 3755 et
974 3669 1151 3755 fundate
1178 3672 1722 3758 clunsbiPuradisns1236
1749 3695 1779 3757 s
1805 3674 1840 3758 d
1867 3676 1904 3758 ot
1929 3673 1976 3777 l;

422 3790 545 3860 confert
564 3791 714 3876 ungulum
732 3809 810 3860 suec
831 3790 1016 3859 hereditatis
1038 3792 1142 3860 dictae
1164 3791 1375 3877 Gosticbowo,
1404 3795 1522 3880 inuno
1547 3794 1752 3864 Teutonicum
1778 3793 1978 3862 Frankoncm

421 3911 481 3979 per
502 3899 626 3978 empus
647 3893 817 3977 mseras,
839 3893 978 3961 claustra
1000 3892 1153 3981 Puradpt.

501 4054 502 4058 a
527 4000 667 4078 uacua
713 4000 887 4064 auom
931 4001 1075 4075 romu,
1098 4000 1163 4064 uo.
1181 4003 1284 4080 peso
1308 4002 1361 4065 ro.
1383 4005 1412 4064 s.

383 4230 385 4234 ‘
524 4217 563 4286 ln
581 4219 707 4286 nomine
725 4217 831 4286 Patris
852 4226 887 4287 ct
908 4219 982 4287 Filii
1005 4227 1039 4288 et
1060 4219 1200 4304 Spiritus
1221 4220 1324 4289 suncti
1345 4240 1446 4289 amen.
1491 4221 1671 4290 Breuissius
1693 4222 1752 4290 nei
1774 4219 1979 4289 miseradorm

422 4339 527 4388 comas
548 4326 583 4389 et
602 4319 753 4389 inndutor
774 4322 905 4389 claustri
926 4324 1011 4408 quod
1034 4324 1204 4391 Paradisns
1224 4322 1350 4405 dicitur,
1372 4325 1406 4391 in
1425 4325 1546 4410 vulgari
1573 4344 1647 4393 vero
1673 4323 1757 4407 qnod
1787 4323 1980 4391 Gesticlroso

421 4422 549 4506 dicitnr,
571 4423 631 4491 Dei
651 4424 878 4508 omnipotentIs
897 4431 931 4493 ct
952 4427 1045 4494 beate
1065 4427 1167 4494 blaric
1187 4428 1317 4511 virginis
1349 4430 1514 4514 sanctione
1545 4428 1676 4497 Martini
1709 4426 1896 4495 contessoris
1924 4425 1979 4492 do-

420 4526 499 4593 mini
523 4527 623 4593 nostri
645 4525 718 4593 lesu
741 4525 872 4609 Cluati,
895 4535 1040 4596 constare
1061 4528 1132 4595 volo
1154 4530 1225 4595 tam'
1247 4529 1446 4613 presentibus
1471 4550 1566 4615 quum
1592 4529 1709 4599 futuris
1736 4527 1856 4596 Christi
1881 4527 1982 4596 udeli-

419 4626 479 4695 bua
501 4627 657 4695 universis
679 4647 811 4713 presens
829 4631 985 4714 scriptum
1005 4631 1130 4711 visuris,
1152 4630 1237 4714 quod
1260 4650 1317 4713 ego
1330 4630 1511 4699 Bronissius
1526 4632 1676 4700 fundator
1690 4634 1821 4701 claustri
1836 4631 1980 4700 Paradisi

419 4730 563 4814 supedus
583 4730 737 4797 nominati
757 4737 929 4815 autequam
950 4741 1137 4801 conventum
1158 4735 1291 4801 fratrum
1313 4735 1354 4800 ad
1376 4735 1549 4806 claustrum
1572 4756 1686 4818 meum,
1705 4738 1827 4805 scilicet
1847 4736 1981 4804 Paradi-

418 4848 489 4899 snm
510 4832 628 4913 rocavi,
658 4833 815 4916 quendam
838 4835 1045 4903 Teutonicum
1077 4837 1202 4904 nominc
1235 4837 1434 4907 Frunkonem
1467 4840 1501 4907 in
1532 4840 1649 4924 angulo
1684 4839 1870 4907 hereditatis
1902 4855 1980 4917 mee,

418 4931 565 5002 videlidet
584 4935 787 5017 tlosdclrovo‚
802 4935 980 5006 locaveram
995 4957 1052 5024 per
1070 4945 1204 5024 ternpus,
1226 4958 1289 5007 non
1310 4940 1518 5025 bereditarie3
1538 4942 1594 5010 sed
1615 4946 1741 5010 tantum
1762 4941 1885 5008 modico
1903 4945 1982 5008 tem·

418 5054 495 5120 pora
515 5041 635 5104 sortem
656 5039 821 5122 parvulam
841 5040 871 5107 ei
894 5058 1107 5110 concesseram
1129 5061 1187 5126 pro
1209 5043 1454 5128 recuperacione
1475 5050 1510 5112 et
1539 5050 1670 5130 propter
1691 5044 1760 5124 lroc,
1794 5043 1821 5109 si
1857 5041 1981 5126 aliqum

420 5136 608 5206 Teutonicos
629 5139 724 5206 mulii
745 5141 779 5207 iu
800 5141 912 5209 eudem
935 5149 1021 5210 sorte
1042 5144 1146 5212 locare
1167 5144 1340 5228 potuissct;
1362 5164 1460 5230 quam
1482 5154 1611 5230 sortem,
1626 5146 1751 5214 nomine
1766 5146 1866 5229 ipsius
1881 5163 1982 5230 popu·

419 5238 482 5309 lus:
505 5240 590 5326 apud
611 5237 820 5312 Praeconem:
843 5254 1037 5315 vocaverunt
1050 5253 1084 5314 ot
1097 5251 1223 5315 uocant
1251 5246 1313 5316 Sed
1331 5248 1409 5332 quia
1423 5255 1541 5317 sortem
1555 5249 1687 5317 undem
1702 5248 1816 5317 collere
1829 5256 1864 5317 et
1877 5247 1984 5317 bure
