4574 6240
689 258 761 333 130

685 476 819 542 mmquc
840 457 980 540 crimino,
1002 458 1069 525 sive
1088 456 1249 541 decapite
1271 453 1319 522 uel
1341 454 1381 521 de
1402 453 1558 535 membro,
1587 451 1654 518 sive
1675 449 1877 534 septuaginta
1898 448 1962 514 sivo
1992 450 2227 533 quinquaginta:

685 578 793 628 omnes
813 558 988 627 mincionm
1010 560 1247 645 quibuscunque
1269 563 1457 625 censeantur
1478 555 1667 635 nominibus,
1685 571 1793 620 oannes
1808 569 1905 636 ponas
1920 549 2044 619 domino
2066 552 2172 648 abbati
2192 559 2230 628 do

685 663 751 731 suis
771 662 899 730 rusticis
921 663 1146 744 condonamus,
1176 662 1273 728 nichil
1294 679 1352 746 pro
1373 659 1463 726 nobis
1486 665 1543 726 nut
1563 676 1622 742 pro
1650 656 1801 740 palatinis
1827 654 1943 720 nostris
1965 673 2020 721 seu
2042 674 2098 739 pro
2120 663 2230 726 castol-

685 765 767 834 lonis
795 765 913 832 nostris
940 765 989 833 vol
1007 765 1162 832 iudicibus
1184 763 1302 833 nostris
1331 768 1536 843 reservantes,
1569 759 1625 828 sed
1658 759 1755 827 aciani
1789 756 1866 823 dicti
1892 755 2014 824 obbatis
2040 756 2147 824 usibus
2175 779 2230 844 pro

686 868 825 954 pcccatis
845 868 963 937 nostnis
977 869 1160 936 -voluntmic
1181 869 1384 952 resignamus.
1429 866 1477 935 Ut
1498 883 1572 950 cnara
1602 868 1712 931 nostra
1738 859 1868 927 donacio
1895 866 1990 944 atquo
2015 861 2230 933 clemosinain

685 977 872 1058 perpetuum
890 971 1013 1039 stabilis
1034 978 1162 1039 moneat
1182 978 1216 1039 ot
1237 970 1369 1052 illibata,
1392 971 1539 1055 paginam
1562 968 1643 1034 hanc
1658 966 1690 1032 in
1707 963 1921 1031 testimonium
1941 981 1999 1046 per
2012 964 2231 1049 appensionem

684 1073 780 1158 sigilli
801 1074 903 1140 nostri
923 1073 1066 1142 uolumus
1087 1075 1238 1142 roborari.
1283 1074 1366 1140 Acta
1387 1079 1462 1139 sunt
1483 1071 1542 1138 hee
1563 1071 1595 1136 in
1622 1069 1754 1136 Gnmna
1783 1082 1866 1133 anno
1895 1065 2021 1133 Domini
2048 1063 2148 1133 bico
2177 1069 2232 1135 tn·-

685 1177 801 1246 cesimo
823 1177 931 1258 tercio,
951 1177 1149 1262 presentibus
1171 1177 1231 1243 hiis
1258 1176 1415 1244 nobilibus
1444 1175 1533 1241 uiuis:
1565 1171 1711 1239 Bronisio
1738 1168 1894 1254 palatino,
1921 1168 2033 1236 Iacobo
2057 1168 2232 1239 kastellono

685 1279 968 1360 Pomanieusibns3
1001 1279 1123 1349 Thomu
1149 1279 1326 1347 bustellauo
1354 1281 1388 1346 in
1416 1276 1531 1359 Volent,
1561 1273 1701 1342 Iohanne
1734 1278 1927 1357 potcomorc,
1956 1270 2068 1339 comite
2096 1270 2232 1352 blilmsa,

685 1379 827 1472 Iohanne
846 1380 952 1467 priore
972 1381 1006 1449 in
1027 1380 1148 1468 hugus
1192 1381 1312 1451 Datum
1338 1382 1371 1449 in
1401 1380 1453 1448 die
1476 1379 1563 1448 beati
1591 1374 1758 1445 adalberti
1784 1373 1924 1444 marom
1953 1379 2049 1458 atquc
2078 1371 2234 1461 pontificis

685 1482 824 1570 glosios‘a

789 1718 973 1806 leudensis,
992 1728 1030 1791 de
1050 1727 1126 1813 dod
1156 1722 1299 1810 Calpiuo
1320 1727 1437 1804 penante
1458 1724 1721 1802 Kopodmmtpa
1739 1723 1807 1801 pod
1824 1740 1861 1785 m.
1883 1721 2095 1786 Poniedzista
2130 1716 2233 1787 Lotus

688 1822 850 1910 symona,
870 1831 987 1908 pemde
1007 1831 1089 1894 mole
1100 1831 1222 1908 jezioro
1238 1830 1306 1911 pod
1324 1829 1478 1913 Kopoltccp
1502 1823 1614 1907 vdeo,
1642 1822 1764 1892 Woelcai.
1797 1822 1918 1909 Lugna,
1939 1823 2050 1932 Mna.

1261 2225 1266 2234 .
1359 2155 1433 2243 Nn.
1468 2148 1567 2240 149.

791 2352 1055 2459 ¹llllodlnlanus
1079 2352 1187 2438 llllns
1213 2353 1356 2438 domini
1382 2351 1516 2436 ddonts
1542 2352 1621 2435 dux
1648 2351 1849 2436 dnomsns
1876 2351 2012 2434 1288
2037 2374 2067 2436 s.
2089 2353 2123 2436 d
2143 2353 2238 2455 otl3

687 2473 822 2559 suscipit
841 2471 1063 2559 Hnrdegennm
1084 2479 1119 2541 et
1136 2492 1211 2542 suos
1231 2493 1383 2560 soqnaooe
1403 2473 1622 2556 Theotonicos,
1644 2475 1696 2541 eui
1710 2473 1937 2541 monasterium
1951 2473 1991 2542 de
2004 2472 2114 2541 &leno
2128 2473 2237 2541 haere

687 2574 822 2644 dimoem
843 2575 1020 2661 Paniprodn
1041 2576 1110 2644 iure
1131 2575 1325 2645 Tbeotonioo
1346 2575 1566 2663 possidendam
1585 2576 1774 2659 contineant,
1796 2577 1831 2643 in
1851 2593 1947 2652 snam
1962 2573 2198 2660 protectionem.

792 2683 933 2761 Perottus
961 2683 1088 2762 maias,
1121 2699 1144 2743 u
1170 2679 1295 2760 lctdrcpo
1325 2683 1401 2746 obvie
1433 2684 1582 2765 pieczecie
1600 2684 1836 2760 przynieazono.
1876 2679 2080 2761 Zpicmztj
2093 2683 2238 2761 pozoctal

688 2800 785 2847 amor
797 2784 954 2862 J‘cdwabia
963 2801 1135 2869 phaaneca,
1151 2787 1391 2864 apptonioteaa.
1415 2786 1461 2850 Pa
1481 2781 1605 2863 daviti
1610 2786 1711 2862 jedna
1725 2786 1856 2848 dziurleo
1869 2805 1896 2847 n
1904 2801 2043 2865 peream.
2055 2786 2238 2865 nytrojona

791 2885 932 2952 Krotdm
955 2886 1123 2951 Btbdoteko
1138 2883 1344 2966 laptelaaislca
1378 2889 1565 2969 Rzpsmew.
1581 2889 1747 2954 uaedam.
1766 2890 1869 2954 Codex
1889 2890 2008 2969 diplom
2023 2890 2124 2954 Poloa
2141 2886 2239 2965 md.

791 3089 830 3157 ln
850 3087 977 3158 nomino
998 3093 1108 3158 sancte
1127 3095 1162 3158 et
1182 3089 1342 3159 indiddoe
1362 3089 1538 3159 Tninitatis.
1564 3091 1633 3176 ligo
1647 3091 1865 3162 wladizlavus
1885 3091 1969 3159 filios
1989 3090 2108 3161 domim
2122 3091 2241 3160 Odonis

687 3193 753 3261 dux
774 3191 979 3274 Gnezneusis
1007 3191 1152 3259 fidelibus
1183 3192 1303 3262 Ohn'sti
1330 3193 1365 3261 in
1391 3201 1588 3279 perpetuum.
1633 3194 1798 3264 Univensis
1823 3202 1891 3264 tam
1919 3194 2116 3280 presentibus
2145 3213 2240 3280 qnam

617 3345 621 3352 .
688 3295 804 3364 futuris
825 3300 938 3364 notum
959 3313 1029 3364 esso
1048 3294 1204 3380 volumus,
1223 3297 1308 3381 quod
1327 3297 1370 3364 ad
1385 3298 1570 3383 petitionem
1584 3299 1704 3367 domini
1716 3297 1860 3367 Heinnici
1874 3297 1999 3368 aomos
2012 3305 2046 3365 et
2061 3297 2241 3366 Conventus

688 3399 875 3484 bunnensis,
897 3397 1121 3484 Hmdegennm
1146 3405 1180 3467 et
1208 3418 1360 3485 sequaces
1386 3418 1461 3468 snos
1481 3400 1706 3484 Thentonioos,
1738 3399 1962 3485 quibusdan
1985 3398 2083 3468 abbas
2104 3406 2138 3468 et
2159 3399 2242 3468 Gon·

556 3490 561 3497 ’
688 3508 802 3571 sentus
822 3501 966 3586 Panguuz
987 3519 1059 3570 cum
1080 3501 1291 3587 qusdmginta
1309 3503 1428 3570 mansis
1449 3503 1727 3571 Francouicalibns
1748 3505 1818 3572 iure
1838 3502 2030 3571 'theutonico
2052 3503 2242 3588 perpetuali·

688 3609 739 3672 ter
758 3602 963 3690 possidendos
984 3603 1200 3685 contuerunt,
1227 3603 1286 3671 sub
1311 3610 1423 3672 nostra
1448 3607 1645 3690 protectione
1676 3625 1715 3675 ao
1745 3605 1926 3675 defensione
1950 3606 1984 3672 in
2010 3604 2160 3674 honoiem
2181 3604 2242 3672 Dei

688 3705 893 3790 suscepimus,
914 3703 1062 3772 libertate
1083 3702 1285 3772 donavimus:
1319 3707 1368 3774 ita
1397 3707 1482 3791 quod
1514 3708 1582 3774 sine
1611 3707 1757 3776 theloneo
1782 3708 1911 3776 valeant
1932 3707 2011 3775 lines
2029 3713 2114 3775 terre
2134 3713 2243 3775 nostre

689 3825 871 3893 peragrare,
893 3807 962 3873 sine
979 3806 1065 3874 omni
1090 3807 1253 3874 mactione
1275 3807 1354 3874 iuris
1382 3806 1584 3876 Pollonicalis
1609 3809 1780 3890 sedebunt3
1813 3828 1936 3879 mecum
1961 3816 2068 3878 tamen
2095 3810 2186 3877 ibunt
2208 3811 2243 3877 in

688 3908 920 3996 expedidom
941 3908 982 3975 ad
1009 3914 1093 3976 terre
1120 3927 1189 3976 mee
1213 3904 1439 3992 defensione-3
1472 3911 1609 3981 decimas
1634 3930 1710 3981 suas
1736 3917 1863 3981 tantum
1894 3910 2018 3981 solvent
2048 3913 2241 3981 monasterio

689 4011 881 4100 supradicto.
909 4009 1024 4077 Nullus
1046 4011 1113 4079 sine
1134 4011 1239 4096 sigillo
1256 4018 1366 4080 nostro
1387 4030 1442 4080 sos
1462 4020 1584 4098 gravet,
1603 4033 1662 4084 nec
1683 4015 1753 4082 sine
1774 4016 1878 4100 sigillo
1892 4021 2002 4083 nostso
2015 4032 2070 4082 eos
2084 4021 2242 4101 provocet,

689 4133 748 4184 nec
768 4119 843 4182 ante
862 4112 1008 4195 iudicem,
1030 4112 1092 4180 nisi
1113 4119 1187 4181 onte
1207 4131 1259 4180 me
1279 4115 1399 4199 ipsum:
1421 4116 1478 4184 sed
1498 4116 1628 4184 libertas
1649 4117 1832 4185 omnimodo
1852 4117 1885 4183 in
1898 4121 2086 4202 perpetuum
2106 4119 2153 4185 eis
2171 4122 2244 4185 rats

690 4217 845 4288 consistat
865 4221 974 4283 nostro
994 4216 1179 4300 consignata
1199 4217 1313 4301 sigillo,
1335 4219 1464 4286 anullo
1485 4237 1700 4287 snoeaesorom
1723 4225 1903 4287 nostrorum
1924 4219 2081 4287 uiolanda
2124 4221 2242 4287 Actum

690 4340 774 4390 anno
794 4320 950 4388 dominico
970 4318 1204 4386 Ineamacionis
1222 4320 1389 4388 millesimo
1411 4322 1625 4390 ducentesimo
1647 4321 1806 4391 tnioesimo
1829 4321 1933 4390 orno.
1977 4320 2119 4391 Utantur
2136 4328 2243 4391 autem

691 4422 864 4510 supradicti
884 4422 954 4490 iure
976 4419 1179 4490 Culmiuens'n

794 4659 980 4748 Lognensis,
1002 4665 1041 4728 de
1061 4663 1173 4729 letne.
1195 4661 1348 4748 Pangroz,
1372 4668 1556 4746 Pacorum„
1578 4661 1799 4749 Culminensis
1822 4669 1860 4732 de
1886 4664 2053 4734 caetum
