4574 6240
1220 481 1294 569 Nr.
1330 477 1428 569 ide

652 676 847 783 Gregorius
872 678 936 783 Pp.
962 679 1021 764 IX
1048 677 1586 777 nestorianismos
1619 693 1790 775 interdicit,
1824 709 1866 760 ne
1900 692 1972 775 quis
2003 695 2095 768 00οι

547 797 721 883 delegatus,
742 800 810 867 sine
828 799 976 867 00000000
998 798 1128 885 spcciali
1146 797 1235 865 Sedis
1254 800 1447 884 apostolicae
1467 805 1525 867 aut
1545 798 1614 866 eius
1634 798 1731 882 legati
1752 795 1909 880 simplices
1930 801 2096 871 noonachos

547 900 676 968 Ordinis
697 901 914 970 Oistercicnsis
942 901 985 970 ad
1005 901 1320 970 excommunicandos
1342 901 1509 987 principes,
1531 906 1679 985 potentes
1699 904 1733 966 ct
1753 898 1888 982 rimans,
1909 897 1944 965 iu
1966 917 2097 983 quorum

512 1051 514 1054 -
549 1004 709 1072 territorio
730 1006 921 1072 monasteria
941 1004 1096 1089 praedicti
1118 1003 1245 1072 Ordinis
1264 1005 1451 1087 consistunt,
1473 1002 1650 1087 compellat

651 1110 790 1187 Perperna
811 1113 929 1190 oppos.
952 1111 1000 1171 Na
1022 1112 1142 1175 0000000
1154 1111 1306 1187 10000000
1328 1107 1399 1174 edit
1420 1113 1433 1172 o·
1453 1125 1597 1174 00000000.
1616 1109 1845 1188 przpmmom
1862 1104 1958 1169 ludo:
1980 1102 2098 1190 Oropo·

548 1207 615 1277 rius
637 1207 694 1295 Pp.
716 1207 773 1276 nc

651 1308 788 1377 Pom
823 1312 939 1392 1000000
962 1313 1069 1378 &aab
1090 1315 1180 1379 Arei
1204 1316 1324 1394 Alpem
1354 1315 1454 1380 600001.
1476 1317 1506 1379 4.

594 1519 598 1525 ·
651 1497 824 1583 Gregorius
844 1497 1009 1584 episcopus
1029 1518 1138 1568 seruus
1158 1518 1319 1568 servornm
1340 1500 1415 1583 Dei,
1438 1500 1560 1569 dilectis
1582 1497 1656 1567 liliis
1677 1496 1785 1566 abbati
1809 1497 1955 1565 Oistercii
1976 1501 2011 1564 et
2031 1500 2099 1566 uni·

548 1600 648 1669 versis
669 1599 872 1668 coabbatibus
899 1601 968 1668 eius
995 1601 1214 1670 cisterciensis
1240 1602 1368 1671 Ordinis
1393 1603 1528 1671 salutern
1554 1609 1589 1670 et
1616 1601 1820 1685 apostolicam
1841 1598 2099 1669 benedictionem.

548 1701 674 1785 Ouanto
706 1701 878 1770 studiosius
908 1702 1013 1771 divim
1040 1704 1299 1789 contemplationi
1328 1707 1448 1774 vacatis
1480 1704 1593 1774 deuote
1623 1704 1759 1770 Domino
1785 1701 1976 1783 inmolando,
2010 1709 2100 1772 tanto

547 1804 698 1874 libandus
718 1805 819 1889 quieti
847 1811 952 1872 vestm
977 1804 1120 1873 uolumus
1141 1807 1315 1892 providere
1360 1807 1441 1875 Oum
1467 1807 1575 1892 00000,
1606 1807 1691 1874 ment
1715 1810 1861 1890 porrecta
1885 1803 1976 1872 nobis
1994 1811 2101 1874 restra
2247 1813 2248 1817 ’

550 1907 664 1995 petitio
685 1905 876 1988 continebat,
898 1925 1123 1992 nonnunquam
1135 1909 1255 1976 iudices
1268 1929 1289 1977 0
1303 1908 1384 1977 Sede
1397 1909 1572 1995 apostolico
1584 1907 1720 1992 delegati
1739 1906 1933 1991 simplicibus
1947 1906 2100 1974 clausus·

548 2008 632 2078 iibus
648 2007 811 2077 monachis
830 2006 957 2076 Ordinis
979 2007 1198 2079 cisterciensis
1212 2012 1389 2096 iniungant,
1411 2019 1450 2080 ut
1470 2013 1570 2080 citent
1591 2020 1625 2079 et
1645 2012 1743 2078 etiarn
1761 2009 2031 2077 excommunicent
2044 2018 2101 2077 sut

548 2111 834 2181 excommunicatos
850 2109 1039 2179 denuntient
1058 2112 1203 2197 proprios
1224 2113 1275 2180 sui
1295 2114 1479 2181 00000000ήί
1499 2114 1694 2194 fundatores,
1716 2129 1773 2180 seu
1790 2111 1946 2196 prinmpes
1967 2130 2006 2179 ac
2022 2110 2101 2179 aiios

548 2220 694 2300 potentes
714 2218 749 2282 et
768 2210 898 2288 nobiles,
920 2213 1084 2282 civitatum
1105 2233 1232 2301 quoque
1252 2222 1287 2283 et
1307 2222 1484 2284 castrorum
1506 2216 1684 2284 eommunia
1697 2220 1731 2282 et
1744 2213 1889 2280 villarum
1911 2213 1946 2280 in
1968 2231 2101 2297 quorum

548 2315 708 2385 territorio
728 2314 779 2383 rel
800 2314 934 2382 oonhnio
960 2322 1036 2383 sunt
1064 2318 1255 2386 monasteria
1278 2324 1387 2385 restra
1405 2318 1479 2402 sita,
1506 2319 1574 2386 sine
1599 2335 1732 2402 quorum
1756 2333 1834 2401 pace
1855 2315 2026 2384 subsistere
2048 2317 2099 2383 rix

548 2419 696 2513 potmtisj
718 2423 752 2487 et
770 2415 856 2503 quod
877 2415 920 2485 ad
941 2419 1032 2486 uillas
1053 2425 1146 2488 extra
1163 2422 1390 2489 monesterium
1403 2422 1587 2490 amedentes
1601 2421 1819 2506 personaliter,
1837 2418 1963 2486 eosdem
1977 2436 2101 2487 excom·

547 2521 724 2590 munioatos
745 2519 787 2588 ab
807 2521 854 2588 eis
879 2520 1010 2604 singuiis
1040 2522 1150 2591 diebus
1178 2521 1343 2592 dominicis
1363 2530 1398 2592 et
1417 2522 1550 2606 imtirb,
1573 2523 1708 2608 pulsatis
1730 2522 1890 2606 campanis
1907 2526 1942 2588 et
1963 2518 2101 2588 murielis

547 2624 687 2694 00000οἱ0
706 2622 830 2708 publice
850 2624 998 2690 nuntient
1018 2623 1192 2707 emtsndos,
1214 2630 1344 2710 propter
1364 2626 1448 2711 quod
1470 2625 1744 2711 quiosmonsstici
1763 2624 1883 2692 ordinis
1897 2623 2103 2709 perturbetur

548 2731 583 2796 et
601 2725 783 2812 ircquenter
800 2724 962 2791 incurritis
982 2724 1056 2794 odia
1072 2726 1294 2811 plurimorum:
1323 2745 1382 2795 nos
1403 2727 1629 2814 tranquillitati
1657 2732 1692 2795 et
1716 2727 1815 2810 quieti
1837 2731 1941 2793 vestre
1960 2725 2110 2793 solentes-

548 2833 683 2914 paterna
707 2825 920 2895 sollicibrdine
940 2827 1103 2911 providere
1123 2830 1313 2897 auctoritate
1334 2830 1528 2915 presentium
1559 2828 1735 2896 districtius
1755 2826 1942 2908 inhibemus,
1962 2845 2004 2895 ne
2028 2828 2099 2923 quis

548 2929 771 3016 predictorum,
792 2928 912 3013 absque
932 2928 1081 2998 mandato
1102 2930 1193 2999 Sedis
1208 2931 1381 3016 apostolice
1399 2930 1531 3017 speciali
1552 2936 1609 2999 000
1629 2930 1727 3015 legisti
1748 2928 1790 2997 ab
1807 2930 1876 2997 eius
1889 2929 1990 2998 latere
2002 2928 2100 2996 desti·

548 3032 627 3111 nati,
648 3030 767 3100 eisdem
788 3032 941 3116 premissa
961 3031 1124 3116 iniungere
1145 3040 1202 3102 aut
1222 3035 1308 3118 ipsos
1330 3034 1372 3100 ad
1392 3051 1433 3102 eo
1453 3033 1639 3119 compellere
1670 3031 1888 3127 quoquomodo
1925 3036 2101 3119 presmt:

549 3133 661 3203 000000
679 3135 873 3202 auctoritate
894 3133 1115 3202 nichilominus
1131 3133 1352 3217 'concedentes
1374 3141 1413 3202 00
1433 3136 1462 3201 si
1483 3152 1574 3203 secus
1594 3132 1679 3220 quod
1692 3152 1757 3202 non
1770 3133 1926 3202 credimus
1939 3151 2103 3218 presump-

549 3240 619 3305 tum
651 3233 758 3319 inerit,
790 3237 851 3322 ipsi
884 3235 930 3303 eis
962 3236 996 3302 in
1029 3239 1190 3322 premissis
1217 3256 1280 3306 non
1308 3243 1477 3305 teneantur
1497 3236 1698 3323 aliquatenus
1730 3235 1866 3303 obedire
1911 3235 1999 3303 Nulli
2028 3253 2104 3320 ergo

549 3338 676 3406 omnino
698 3337 860 3406 hominum
881 3337 976 3406 licent
996 3337 1078 3407 hanc
1098 3340 1245 3424 paginam
1275 3346 1384 3407 nostre
1412 3329 1609 3407 inhibitionis
1634 3344 1669 3408 et
1696 3337 1904 3408 concessionis
1932 3336 2104 3422 infringere

548 3439 600 3509 rol
617 3440 649 3510 ei
668 3459 749 3509 ausu
769 3439 938 3508 temerario
952 3441 1118 3509 contraire.
1164 3441 1199 3510 Si
1219 3443 1292 3526 quis
1316 3447 1423 3510 autem
1449 3441 1511 3510 boc
1533 3447 1727 3529 retemptare
1755 3439 1992 3526 presumpserit,
2020 3438 2103 3506 iudi·

524 3584 534 3614 -.
548 3544 729 3630 mationem
748 3542 974 3626 omnipotentis
995 3542 1055 3610 Dei
1075 3548 1110 3612 et
1130 3545 1295 3613 beatorum
1316 3544 1404 3614 Petri
1421 3551 1457 3613 et
1479 3544 1572 3613 Pauli
1591 3543 1807 3630 apostolorum
1838 3542 1907 3610 eius
1924 3560 1959 3610 se
1979 3541 2105 3609 noverit

548 3644 759 3715 incursurum.
802 3645 922 3714 Datum
943 3643 1094 3714 Laterani
1115 3645 1178 3715 vn
1200 3646 1276 3716 idus
1296 3647 1386 3730 binii,
1408 3645 1613 3732 pontificatus
1634 3646 1737 3716 00000·
1755 3661 1839 3714 anno
1864 3648 1985 3714 octauo.

1224 3944 1298 4030 Nr.
1333 3942 1431 4030 165.

653 4137 771 4221 iulio
811 4135 1051 4221 Onoisnonsis
1091 4138 1240 4222 ecolosio
1276 4139 1573 4243 mohiopismpos
1608 4141 1741 4222 1284
1775 4136 1864 4221 idai.
1895 4139 1977 4234 23,
2009 4159 2039 4221 s
2065 4136 2105 4238 ις

550 4255 717 4328 confirmas
736 4257 938 4326 donationem
958 4257 1159 4339 decimamm,
1181 4278 1202 4326 0
1230 4259 1260 4328 b.
1291 4279 1332 4328 m.
1355 4258 1535 4329 wincentio
1561 4260 1796 4343 archiepiscopo
1821 4257 1938 4325 iactam
1958 4257 1992 4324 in
2013 4263 2106 4342 parte

551 4360 704 4430 territori
725 4360 766 4429 de
786 4359 904 4443 Nolito,
926 4378 1021 4446 quam
1041 4360 1070 4428 b.
1086 4380 1128 4428 m.
1151 4361 1216 4429 dux
1235 4361 1428 4430 wladislaus
1448 4363 1638 4431 monasterio
1659 4361 1700 4428 dc
1720 4360 1839 4445 Lubiqt
1861 4359 2046 4428 contulerat

653 4470 792 4547 Perperna
814 4470 933 4546 oswin.
957 4468 1095 4529 Szorurelr
1116 4488 1135 4529 ι
1156 4471 1221 4531 uici
1234 4468 1386 4544 jecemia
1402 4486 1546 4533 czeriooa
1562 4465 1666 4547 ledit,
1682 4487 1700 4529 z
1714 4462 1839 4544 ktdreqo
1848 4462 1973 4548 ptecspd
1987 4466 2104 4528 00001000.

655 4566 791 4634 marai.
823 4569 942 4648 1000001.
967 4570 1072 4632 &outo
1093 4571 1183 4633 Arclt
1207 4570 1374 4633 0000001.
1415 4572 1567 4645 Morbocb,
1596 4566 1934 4647 sumersetensis.

654 4771 721 4840 Nos
743 4770 846 4840 rouo
868 4770 927 4840 Oei
947 4773 1056 4856 gracia
1076 4771 1281 4840 Gneianensis
1303 4772 1433 4841 ecclesie
1454 4772 1720 4858 archiepiscopus,
1743 4728 1872 4854 presens
1890 4771 2044 4856 scriptum
2058 4769 2106 4837 in·

551 4877 707 4962 spectaris
727 4873 863 4943 salutern
882 4873 915 4941 in
936 4873 1070 4942 Domino
1088 4876 1320 4960 sempiternam.
1352 4875 1509 4943 Universa
1522 4873 1607 4942 iacta
1621 4892 1684 4958 que
1698 4873 1859 4941 sanctione
1872 4872 2107 4942 rationabilium

551 4981 691 5048 virorum
712 4977 908 5060 ordinantur,
935 4979 1030 5046 immo
1058 4979 1129 5062 ipsa
1156 4977 1343 5046 decernente
1372 4978 1498 5068 rationo
1522 4977 1670 5044 ordinata
1695 4974 1895 5057 roborantur,
1925 4995 1947 5043 0
1970 4976 2106 5060 posteris

408 5084 411 5088 “
551 5099 616 5152 non
637 5086 764 5149 0000000
785 5087 860 5147 sunt
881 5080 1013 5148 tirmiter
1034 5080 1238 5162 observanda
1268 5080 1324 5148 sed
1354 5086 1388 5147 ct
1409 5079 1579 5148 autenticis
1605 5081 1672 5146 suis
1693 5079 1777 5144 iuste
1797 5078 1838 5145 ed
1857 5079 1915 5146 hec
1935 5077 2108 5163 postulatis

553 5182 811 5272 affecwosissinrc
832 5183 1057 5265 waimarum
1083 5201 1158 5252 narn
1185 5190 1220 5252 et
1245 5184 1374 5252 00οί0ήο
1401 5183 1562 5251 limitans
1588 5187 1639 5251 cst
1667 5179 1839 5263 edificium
1868 5181 1921 5248 cui
1941 5179 2108 5249 diuersitas
