4574 6240
137 501 181 1272 Ξὲἒὲῑῖΐεεεὸεει

137 1326 186 1580 ειὲΐέ

137 1634 188 1786 53

326 854 334 954 ...00-
326 742 332 826 -*·--
325 634 334 711 ...-
323 428 334 610 -ρ-ι-η-..σ-ι-

2036 259 2079 332 21

542 468 774 556 inperpetuum
795 460 987 528 memoriam.
1025 459 1155 540 Quoties
1193 459 1271 527 illud
1303 479 1324 527 a
1356 459 1446 527 nohis
1478 459 1597 544 petitur
1628 459 1711 545 qnod
1734 458 1850 526 rationi
1872 465 1906 527 et
1927 460 2085 526 honestati
2134 488 2135 491 ¹

539 568 721 645 aaaronicns
753 581 821 632 esse
854 561 1041 644 dinoscitur,
1079 563 1183 629 animo
1206 581 1263 629 nos
1285 562 1377 630 decet
1398 564 1507 631 libenti
1530 563 1699 630 concolere
1733 569 1766 629 et
1798 564 1971 646 petentium
2005 564 2085 630 ‹lesi-
2150 590 2174 637 t

539 673 632 745 dcriis
664 684 834 750 congruunt
856 665 1011 750 impertiri
1031 663 1230 748 suffragium,
1265 672 1302 732 ut
1324 666 1424 733 tidelis
1446 672 1480 733 et
1501 666 1554 751 pia
1575 664 1700 732 clevatio
1722 666 1853 732 celerem
1875 674 2087 751 consequatur

539 777 691 849 effectum.
733 768 913 853 Enpropter
932 767 1039 835 dilecti
1061 768 1094 834 iu
1116 767 1249 835 Domirro
1272 769 1343 850 filii,
1385 771 1498 836 vestris
1519 770 1612 836 iustis
1631 769 1896 854 postulationibus
1917 770 2087 837 clementer

538 877 703 953 annuimus
724 878 758 939 et
779 871 935 956 prelatum
957 871 1119 938 ecclesiam
1152 872 1183 936 in
1213 868 1275 955 hun
1296 872 1402 939 divino
1424 872 1595 956 municipali
1617 873 1693 939 estis
1715 872 1883 956 obsequio,
1920 871 1980 938 suh
2001 871 2085 939 hecti

539 979 623 1054 Petri
654 982 688 1044 et
717 981 827 1042 nostra
852 975 1046 1058 protectione
1075 975 1262 1058 suscipimus
1288 981 1322 1040 et
1345 977 1483 1059 presenti
1513 975 1624 1058 scripti
1657 973 1818 1058 privilegio
1838 975 2083 1054 communimns;

539 1087 723 1160 statuentes,
756 1084 793 1145 ut
814 1095 1016 1163 quascunque
1036 1077 1257 1160 possessiones,
1280 1096 1464 1163 quecunque
1485 1078 1567 1145 hona
1587 1076 1698 1145 eadem
1719 1077 1850 1145 ecclesia
1864 1078 1896 1143 in
1912 1079 2086 1163 presentia·

538 1205 607 1257 rum
627 1185 711 1249 irrsto
742 1187 776 1249 et
805 1180 953 1248 canordce
974 1179 1128 1264 possidet,
1167 1187 1224 1247 ont
1245 1181 1278 1246 in
1299 1180 1440 1248 futurum
1463 1182 1660 1248 concessione
1683 1179 1882 1263 pontificum,
1920 1181 2086 1264 largitione

538 1284 649 1374 tegani
666 1283 715 1352 vel
737 1283 924 1369 principum,
956 1283 1116 1350 oblatione
1139 1282 1275 1350 fidelium
1299 1302 1354 1349 seu
1376 1284 1448 1350 aliis
1470 1285 1561 1350 iustis
1580 1283 1691 1364 modis,
1712 1283 1778 1350 Deo
1796 1284 1946 1369 propicio,
1968 1285 2086 1369 poterit

538 1389 683 1477 adipisci,
712 1385 804 1454 finan
824 1385 912 1453 vohis
934 1387 1110 1472 vestrisque
1131 1387 1362 1454 successorihus
1383 1393 1417 1454 et
1439 1386 1564 1455 illibata
1584 1393 1798 1471 peramarunt.
1835 1387 1872 1453 ln
1894 1387 2007 1470 quibus
2028 1387 2086 1455 lrcc
2191 1474 2193 1478 k

538 1491 672 1581 propriis
692 1489 839 1556 norimus
860 1488 1063 1572 exprimenda
1083 1489 1260 1557 vocabulis:
1284 1488 1451 1556 Cremonen
1465 1508 1537 1570 curn
1554 1490 1733 1556 homiuibus
1747 1496 1781 1556 et
1794 1490 1993 1573 pertinentiis
2009 1490 2085 1572 suis,
2157 1510 2159 1513 ·

538 1596 611 1664 cillo
632 1593 796 1674 Qnetissov
814 1610 885 1659 cunr
907 1589 989 1672 loro,
1023 1592 1146 1676 capella
1171 1593 1203 1658 in
1226 1591 1370 1659 lonsitia
1392 1611 1475 1659 -cum
1506 1592 1650 1659 omnibus
1681 1592 1723 1660 ad
1752 1611 1822 1660 earn
1843 1593 2085 1677 pertinentibus,

537 1699 675 1767 warna
691 1694 795 1763 iorum
817 1713 888 1763 cnm
909 1694 999 1776 villa,
1039 1697 1071 1761 in
1095 1695 1179 1763 Zbar
1199 1694 1302 1762 forum
1324 1715 1394 1763 cum
1414 1695 1505 1777 nilla,
1527 1695 1637 1763 Luhen
1659 1714 1731 1762 cum
1751 1695 1832 1777 lucu,
1856 1695 1992 1764 Velatov
2013 1714 2084 1762 curn

536 1802 621 1883 lacu,
645 1797 763 1866 Comen
781 1797 869 1865 lacus
891 1817 962 1866 cnm
983 1797 1106 1865 duabus
1128 1797 1210 1865 villis
1232 1798 1516 1883 superiacentihus,
1539 1797 1682 1879 Strelno,
1712 1797 1909 1874 Pilchntkor,
1931 1798 2081 1880 Palenda,

536 1902 721 1983 Mlodeioro,
744 1899 906 1986 Wogloro,
930 1901 1083 1969 Chomesc
1104 1920 1176 1969 cnm
1196 1902 1277 1969 lacu.
1297 1901 1502 1970 Decernimus
1522 1920 1607 1986 ergo,
1628 1907 1666 1968 nt
1679 1901 1759 1967 nulli
1775 1902 1901 1968 omnino
1923 1901 2085 1969 hominurn

536 2008 631 2077 licent
650 2004 806 2091 prelatum
827 2004 991 2073 ecclesium
1013 2011 1132 2073 temere
1153 2005 1338 2089 perturbare
1360 2013 1418 2073 aut
1438 2008 1506 2074 eius
1528 2004 1739 2090 possessiones
1760 2002 1900 2087 auterre.
1926 2005 1976 2072 rel
1996 2004 2085 2073 ahlo-

537 2117 588 2181 trs
608 2109 755 2190 retinere,
776 2108 927 2189 minnere,
949 2113 1007 2176 aut
1027 2107 1186 2191 aliquibus
1204 2108 1420 2175 vexationibus
1441 2107 1589 2192 latigare3
1612 2106 1668 2175 sed
1690 2108 1796 2176 omnia
1816 2107 1941 2193 integre
1960 2125 2085 2175 conser-

536 2217 658 2294 ventur,
691 2229 800 2278 eornm
821 2230 880 2296 pro
893 2229 1027 2294 quorum
1047 2209 1275 2294 gubernatione
1295 2217 1329 2279 et
1346 2213 1580 2279 sustentatione
1602 2229 1749 2278 concesso
1765 2218 1840 2278 sunt
1861 2209 1970 2278 usibus
1984 2210 2085 2276 omni·

536 2313 636 2384 modis
669 2313 849 2399 pmmeum:
879 2312 966 2380 salvo
987 2311 1078 2380 Sedis
1110 2313 1282 2398 apostolice
1311 2314 1502 2382 anctoritate
1534 2319 1568 2381 ct
1599 2312 1836 2381 diocesanorum
1868 2314 2085 2399 episcoporum

537 2416 687 2487 canonico
708 2416 841 2484 institia.
864 2414 899 2482 si
913 2434 977 2500 quo
990 2415 1088 2499 imina
1109 2417 1141 2482 in
1163 2416 1304 2484 futurum
1317 2416 1531 2484 ecclesiastiea
1551 2415 1738 2483 secularisve
1757 2433 1901 2500 persona,
1923 2415 2006 2482 hanc
2027 2434 2082 2482 no-

536 2526 602 2590 stre
623 2518 857 2587 constitutionis
884 2518 1029 2603 paginem
1050 2518 1169 2602 sciens,
1206 2525 1317 2587 contra
1337 2537 1408 2586 eam
1427 2525 1545 2586 temere
1566 2521 1672 2586 uenire
1692 2519 1910 2602 temptaverit,
1945 2517 2084 2586 secundo

537 2623 670 2692 tertium
691 2621 897 2703 commonito,
924 2621 952 2687 si
973 2639 1037 2687 non
1058 2620 1274 2689 mtisiactione
1295 2641 1435 2706 congnm
1455 2621 1685 2703 emendaverit,
1707 2621 1876 2706 potestatis
1895 2621 2085 2706 honorisque

537 2725 586 2795 sul
607 2724 764 2810 dignime
785 2730 902 2805 carent,
935 2741 1084 2807 reamque
1105 2743 1140 2791 se
1160 2724 1266 2792 divino
1289 2723 1401 2792 iuditio
1422 2724 1558 2792 existere
1577 2723 1617 2791 de
1638 2730 1822 2808 perpetrata
1841 2724 2011 2808 iniquitate
2032 2742 2085 2790 co·

536 2834 679 2913 gnoscat,
715 2833 750 2895 et
769 2846 791 2894 e
807 2825 1021 2894 oneratissimo
1043 2824 1183 2910 Corpore
1204 2833 1238 2894 et
1258 2827 1417 2911 Sanguine
1438 2826 1498 2894 Dei
1523 2833 1557 2895 et
1581 2826 1709 2894 Domini
1730 2826 1831 2895 nostri
1848 2826 1944 2894 ihesu
1965 2825 2085 2894 Christi

536 2931 639 3000 alieno
658 2931 725 3012 fiat,
747 2936 844 3014 etque
859 2929 892 2997 in
907 2935 1046 2996 extremo
1068 2929 1212 2996 examine
1229 2928 1372 2996 districte
1394 2930 1507 2997 ultioni
1528 2929 1698 2998 subiaceat
1722 2928 1852 2997 Cunctis
1866 2936 1973 2998 autern
1983 2929 2085 2998 eidem

536 3033 604 3102 loco
625 3033 711 3101 iusta
731 3033 929 3114 sementibus
950 3033 994 3100 sit
1015 3052 1078 3118 pax
1098 3032 1226 3100 Domini
1248 3035 1348 3100 nostri
1369 3032 1463 3100 Ihesn
1486 3033 1615 3115 Christi,
1645 3038 1801 3116 quatenus
1822 3040 1856 3100 et
1877 3032 1928 3101 hic
1945 3033 2085 3101 fructum

536 3135 616 3206 hone
636 3137 771 3205 ectioms
792 3136 985 3221 percipiant,
1018 3141 1052 3205 et
1072 3137 1156 3221 opud
1179 3135 1358 3204 districtum
1379 3136 1513 3205 iudicem
1533 3138 1654 3221 premis
1674 3141 1783 3204 eterne
1804 3136 1890 3222 pacis
1912 3136 2084 3203 inveniant

537 3242 650 3309 Amen.
671 3241 783 3308 Amen.
805 3241 918 3308 Amen.

637 3342 758 3412 Datum
778 3344 909 3412 Parisiis
930 3362 988 3428 per
1008 3361 1137 3411 manum
1158 3341 1303 3427 lingonis
1325 3342 1502 3428 presbyteri
1524 3342 1710 3424 cardinalis,
1742 3342 1866 3427 agentis
1887 3340 2083 3410 vicedomni

536 3444 690 3513 (luidonis
711 3446 796 3514 dicte
816 3454 925 3515 sancte
947 3445 1088 3513 Romane
1109 3446 1239 3512 ecclesie
1261 3446 1384 3514 diaconi
1406 3445 1575 3513 mminelis
1596 3453 1630 3512 et
1648 3446 1840 3528 cancellarii,
1872 3445 1905 3512 11
1922 3444 2084 3513 Kalendas

536 3546 634 3632 Iunii,
656 3548 830 3616 indictione
851 3549 896 3632 X,
926 3548 1155 3616 Incuruationis
1176 3547 1331 3623 dominice
1362 3567 1446 3617 anno
1466 3546 1707 3632 MCXLVIL,
1742 3549 1946 3634 pontificatus
1965 3546 2085 3617 domini

232 3643 239 3654 '
352 3674 359 3785 L
479 3648 1037 3739 ,EugeniiPapeIILcnnoIIl

642 3854 866 3940 Cremonensis,
889 3863 928 3924 de
947 3861 1147 3924 eremcszno.
1171 3857 1346 3940 Quetissov,
1362 3862 1578 3927 Kwiecr'szerco.
1600 3858 1754 3943 lonsicin,
1769 3863 1913 3948 hperpca
1936 3859 2086 3946 Wasnov,

549 3961 703 4026 Wueaiow.
736 3961 830 4043 Zbar,
852 3984 879 4025 w
900 3967 1015 4027 ἀοΙιιωι
1037 3965 1092 4028 Nr.
1115 3965 1168 4027 11.
1208 3966 1310 4044 Cedat,
1339 3985 1367 4026 ro
1386 3966 1476 4028 XIV
1490 3986 1524 4027 rc.
1546 3968 1665 4047 Buram,
1697 3968 1804 4029 amuel<
1824 3970 1836 4028 i
1855 3970 1951 4030 oendo
1972 3970 2085 4032 mihin.

539 4065 678 4128 deluam
703 4067 1241 4147 Ilzmreszprirkidodzirlaazrstoo
1264 4070 1499 4152 atellanensis.
1537 4065 1656 4148 Luben,
1678 4069 1784 4132 hacta.
1816 4067 1945 4150 Velaor,
1975 4072 2085 4135 Wtclu·

536 4174 619 4234 tono.
643 4165 779 4250 Camen,
803 4172 983 4235 Kamiear'ec.
1006 4168 1143 4250 Strelno,
1167 4173 1311 4234 Strzetao.
1335 4168 1532 4250 Pilchutlrov,
1556 4173 1738 4236 Proclama
1762 4170 1910 4254 Polemla,
1934 4176 2084 4259 Poleam

536 4266 719 4354 hilodeioro,
745 4277 929 4352 Mtodojeao.
950 4272 1112 4358 Woglovc,
1142 4275 1279 4358 prtora
1300 4271 1463 4355 Chomese,
1492 4276 1655 4360 Choar‘pia

1217 4677 1291 4762 Nr.
1327 4671 1394 4761 16.

636 4886 826 4992 ungemur
852 4888 916 4993 Pp.
934 4886 995 4971 111
1014 4894 1143 4974 1130
1170 4890 1195 4976 J
1196 4914 1256 4974 aa
1269 4893 1350 4989 28,
1369 4889 1561 4990 heminam
1592 4908 1674 4975 clero
1693 4907 1843 4978 roloniae
1864 4918 1974 4979 notum
1995 4910 2082 4994 acic

536 5000 708 5076 cutonem
738 5010 903 5077 diaconum
927 5009 1117 5077 cardinalem
1143 5011 1183 5080 ud
1206 5012 1390 5079 mandatum
1415 5029 1507 5077 suurn
1535 5010 1715 5079 «intentores
1741 5018 1897 5081 terrarum
1918 5014 2083 5083 wladislai

535 5103 621 5175 ducis
642 5113 958 5207 excommunicariasc
981 5120 1014 5179 et
1037 5120 1138 5182 terius
1160 5133 1268 5183 corum
1291 5114 1499 5191 interdixisse,
1518 5115 1753 5201 archiepiscopo
1775 5135 1849 5183 vern
1870 5117 2010 5201 mandat,
2045 5124 2084 5185 ut

535 5214 721 5282 senteutiam
741 5218 836 5285 istam
857 5217 1017 5284 observari
1038 5217 1147 5285 iaciat
