4492 6224
1254 533 1257 539 Ι
1914 417 1965 494 83

1091 623 1166 708 Nr.
1198 620 1268 708 88.
1314 624 1316 627 ’

517 819 758 954 Sltnbotldlls
785 823 911 902 1216
937 841 966 903 8.
993 821 1028 904 d.
1055 823 1092 904 tt
1118 780 1161 924 l{;
1188 837 1342 905 bonorum
1369 856 1498 906 snorum
1522 795 1801 908 ‘mammaeam
1830 839 1966 927 disposi-

416 939 715 1130 uommwtmm
752 1046 868 1109 Archia.
895 1048 1077 1110 momenti.
1108 1048 1306 1110 Protoeollwa
1327 1046 1359 1108 3.
1377 1064 1453 1126 pop.
1475 1046 1529 1110 32.
1568 1047 1684 1125 (Rapta
1708 1067 1727 1110 2
1747 1050 1965 1129 orppiaotaepo

411 1151 614 1239 litim)

513 1352 741 1435 ...universis
763 1369 859 1436 quam
880 1352 977 1419 etiarn
998 1351 1142 1420 omnibus
1164 1352 1343 1420 Lulrnensis
1362 1352 1494 1422 ecclesie
1507 1353 1668 1421 monacbis
1681 1359 1749 1426 tam
1763 1353 1963 1440 presentibus

414 1476 507 1548 quam
528 1455 664 1541 posteris
685 1474 742 1539 ago
763 1453 969 1521 Sventoslaus
989 1461 1100 1522 notum
1122 1454 1213 1537 facio,
1236 1456 1313 1539 qnia
1334 1473 1429 1521 sanus
1451 1462 1558 1524 mente
1579 1475 1682 1524 meunt
1703 1456 1813 1525 villum
1826 1457 1966 1525 Bracho-

353 1640 357 1648 ,
414 1565 477 1632 lino
498 1577 569 1626 cam
591 1557 721 1625 lacubus
742 1558 875 1640 intepuit
896 1557 1035 1624 claustro
1057 1558 1186 1624 contuli.
1216 1557 1367 1624 Zabicino
1387 1564 1421 1624 et
1439 1558 1601 1626 bloracino
1620 1559 1737 1643 aliquis
1759 1566 1966 1645 cognatorum

414 1683 470 1753 pro
489 1661 622 1748 pecunia
642 1659 766 1740 vendat,
789 1679 854 1744 qua
873 1659 1018 1727 videlicet
1039 1663 1172 1744 pccnma
1194 1659 1402 1727 creditoribus
1423 1663 1501 1728 meis
1521 1662 1630 1730 debita
1650 1682 1721 1731 mea
1735 1663 1964 1748 persolvantur,

414 1774 448 1836 et
464 1764 548 1850 quod
568 1762 727 1830 residuum
753 1761 859 1845 inerit,
890 1780 966 1846 pars
994 1780 1052 1848 pro
1072 1763 1170 1829 Terra
1198 1762 1325 1828 Domini
1354 1767 1389 1829 et
1414 1780 1489 1846 pars
1509 1763 1642 1832 Romam
1664 1767 1822 1834 mittatur.
1865 1765 1967 1834 Uxori

413 1886 486 1938 vero
507 1885 576 1935 mec
596 1873 720 1952 partem
741 1865 781 1932 de
803 1865 918 1934 Lnlrna
938 1883 1000 1949 que
1029 1883 1081 1933 me
1107 1867 1239 1947 attinet,
1267 1865 1392 1948 Sedlez,
1422 1865 1571 1955 Balosllw
1593 1867 1734 1963 babebit,
1760 1872 1798 1936 ut
1821 1887 1881 1954 pro
1901 1868 1967 1936 illis

414 1971 660 2040 anniversarium
681 1987 750 2036 mee
770 1968 976 2053 depositionis
997 1969 1128 2053 singulis
1150 1969 1241 2035 annis
1267 1987 1368 2053 usqne
1395 1968 1438 2036 nd
1462 1968 1557 2036 tinem
1576 1970 1642 2037 rite
1662 1971 1769 2037 valeat
1788 1970 1966 2040 observare

415 2073 491 2142 Past
510 2069 630 2140 obitum
650 2070 761 2155 ipsius,
782 2070 841 2137 tilii
862 2070 997 2138 iratnrm
1017 2088 1158 2137 meorum
1185 2072 1271 2155 ipsas
1298 2070 1391 2138 villas
1419 2071 1571 2138 dividant
1614 2071 1758 2156 ltadgost
1782 2073 1967 2142 veronulla

414 2173 601 2261 impediente
620 2173 718 2241 libere
739 2191 797 2257 pro
819 2191 854 2240 se
875 2173 1017 2257 habebit,
1047 2180 1081 2241 et
1105 2174 1244 2258 reliquas
1266 2175 1358 2242 villas
1387 2181 1462 2260 post
1482 2173 1611 2242 fluvium
1632 2176 1688 2259 qui
1713 2173 1815 2244 Urira
1835 2181 1968 2244 vocatur

414 2281 560 2360 iacentes,
582 2277 688 2362 pneris
709 2276 888 2361 Drogomiri
909 2276 1018 2344 fratris
1038 2278 1101 2345 mei
1119 2277 1253 2345 senioris
1273 2277 1367 2362 longe
1387 2283 1501 2363 postea
1519 2278 1592 2362 (sic)
1614 2277 1718 2361 dabit,
1740 2277 1811 2361 qni,
1834 2294 1891 2346 seu
1908 2277 1967 2346 tilii

414 2383 562 2467 ipsorum,
585 2388 691 2448 cetera
711 2381 796 2448 inter
817 2399 852 2448 se
873 2379 1024 2448 diddant
1047 2380 1191 2465 Denique
1212 2379 1366 2448 familiam
1388 2399 1500 2463 meam,
1519 2385 1615 2465 prout
1628 2398 1729 2464 usque
1743 2379 1967 2464 commisimus,

415 2502 493 2553 uxor
512 2484 547 2550 ln
568 2484 719 2551 memoria
740 2483 866 2551 habeat
911 2484 956 2550 Et
981 2503 1021 2552 ne
1047 2484 1204 2568 quispiam
1230 2483 1290 2551 hoc
1315 2483 1348 2549 in
1371 2488 1533 2568 posterum
1558 2487 1684 2550 mutare
1706 2483 1817 2566 possit,
1847 2483 1968 2569 scripto

416 2585 676 2667 commendmus,
699 2585 758 2653 snb
780 2586 962 2653 testimonio
979 2585 1127 2675 ‚liupoldi
1153 2585 1292 2666 abbatis,
1325 2584 1456 2654 Henrici
1489 2585 1619 2670 prioris,
1646 2584 1753 2653 lucebi
1782 2584 1966 2671 subprioris,

415 2689 560 2775 Arperm,
581 2688 734 2773 Leopoldi
755 2694 790 2756 et
809 2687 960 2755 Norberti
981 2689 1085 2772 sigillo
1110 2694 1220 2756 nostro
1248 2687 1483 2770 confirmamus,
1511 2687 1808 2756 anathematismis
1835 2706 1890 2757 eos
1912 2689 1967 2774 qui

416 2791 488 2861 bnlc
507 2791 726 2860 deliberationi
747 2791 1005 2860 contradixerint
1038 2793 1131 2858 Anno
1152 2788 1280 2879 Domim
1301 2790 1468 2859 millesimo
1488 2790 1703 2860 ducentesimo
1724 2790 1846 2860 decimo
1866 2797 1967 2859 sexta.

516 2994 705 3080 balnensis,
727 3001 766 3063 de
785 2999 897 3063 natm
940 2994 1139 3079 Bracbolino,
1158 2999 1332 3076 Brwlolta
1372 2990 1559 3080 'Zabicaina
1589 2985 1750 3079 &blatra
1793 2996 1967 3080 blomdnc,

366 3169 369 3174 ,
416 3097 774 3267 gaeowmfflm,
798 3103 979 3166 sentem.
1014 3097 1172 3182 Balosliw,
1201 3099 1395 3165 Btolotliaeie
1431 3097 1583 3184 Redgost,
1615 3103 1799 3181 Redpoowa
1836 3098 1968 3167 llnvius

676 3207 723 3250 rz.
1408 3228 1410 3230 v

1116 3380 1191 3467 Nr.
1222 3377 1293 3466 89.

516 3575 701 3660 Honorius
726 3575 791 3681 Pp.
817 3575 883 3659 m
909 3582 1032 3659 1217
1057 3576 1160 3660 Febr.
1177 3579 1223 3676 9,
1240 3575 1431 3679 Latemni3
1447 3593 1522 3662 caci
1542 3593 1583 3662 ‹le
1603 3593 1714 3663 Kane
1733 3591 1969 3680 manturna

357 3665 361 3674 ’
416 3712 493 3780 μω
512 3715 584 3766 eom
604 3696 685 3795 ase
704 3696 854 3766 salamae
871 3697 961 3766 rata

522 3803 659 3883 mirer,
683 3804 878 3866 alimenta
899 3803 999 3866 Meter.
1023 3805 1167 3867 Pudorine
1190 3802 1220 3883 I,
1241 3803 1272 3866 1.

517 4003 679 4074 Ronanus
708 4005 874 4091 episeopus
896 4024 1006 4074 servus
1034 4006 1196 4075 serrorum
1220 4004 1295 4088 Dei,
1313 4003 1429 4072 dilecto
1458 4005 1524 4075 lilio
1552 3954 1652 4076 nobili
1677 4007 1747 4076 viro
1776 3986 1970 4077 wladislavo

418 4100 489 4173 dud
509 4105 550 4175 de
570 4107 662 4175 liniis
679 4108 815 4176 salutem
835 4114 870 4175 et
891 4108 1096 4194 apostolicam
1116 4108 1375 4176 benedictionem
1408 4106 1489 4175 Cum
1509 4109 1595 4178 illius
1614 4110 1690 4179 licet
1710 4110 1861 4179 immeriti
1882 4116 1970 4179 tene·

418 4210 629 4280 amuslocum
648 4212 683 4279 in
705 4212 799 4279 terris
820 4213 876 4296 qui
895 4232 960 4280 non
980 4217 1030 4280 est
1050 4213 1196 4280 dominas
1221 4211 1424 4280 dissensioms
1450 4212 1505 4279 sed
1534 4213 1632 4297 pacis,
1660 4212 1703 4280 ed
1731 4232 1771 4281 ea
1795 4230 1857 4296 qne
1883 4215 1971 4300 pacis

316 4330 320 4338 ·
418 4316 491 4379 mat
508 4312 644 4383 libenter
661 4314 864 4397 intendimus,
886 4321 920 4383 ct
940 4333 1048 4400 preces
1068 4334 1130 4399 qne
1150 4314 1242 4381 nobis
1263 4332 1321 4399 pro
1343 4314 1497 4381 servando
1518 4317 1607 4400 pacis
1628 4313 1734 4383 ledere
1753 4317 1970 4401 porriguntur,

418 4411 551 4485 libenter
571 4418 764 4485 intendimus
782 4422 817 4485 et
844 4417 956 4484 libenti
984 4419 1089 4486 animo
1118 4417 1312 4484 eruuffimm
1357 4415 1536 4501 Enpropter
1560 4417 1676 4486 dilecte
1700 4419 1736 4486 in
1756 4417 1893 4487 Domino
1913 4419 1970 4503 lili,

419 4517 482 4586 tuis
499 4520 593 4589 iustis
620 4521 887 4606 posnabdonibus
913 4520 1071 4602 inclinati,
1105 4519 1363 4603 compositionem
1394 4520 1481 4603 pacis
1511 4538 1575 4602 qne
1601 4522 1686 4589 inter
1707 4525 1740 4589 te
1765 4540 1805 4590 ac
1832 4522 1970 4591 nobilem

418 4617 518 4692 virum
540 4623 766 4692 Wlodislavnm
784 4623 896 4690 ducem
916 4623 1054 4704 Poloaie,
1076 4628 1226 4708 patmum
1249 4628 1349 4702 tuum,
1371 4621 1582 4691 amicabiliter
1601 4624 1783 4708 intervenit,
1804 4625 1889 4693 sicut
1901 4626 1970 4692 sine

419 4725 574 4805 pravitate
594 4728 724 4812 provide
744 4727 831 4796 fecta
849 4734 901 4794 est
922 4733 955 4794 et
975 4727 1016 4794 ab
1030 4733 1166 4810 utraque
1184 4731 1275 4810 parte
1297 4731 1411 4811 sponte
1433 4733 1561 4812 receptu
1587 4733 1621 4795 et
1634 4728 1812 4796 iuramento
1833 4727 1970 4811 firmata,

419 4827 505 4895 etin
525 4830 651 4916 publico
669 4831 880 4899 instrumento
901 4831 1013 4899 exinde
1034 4829 1175 4898 confecta
1197 4828 1320 4913 plenius
1339 4827 1473 4896 debetur
1493 4830 1658 4914 sentinari,
1684 4833 1876 4899 metoritate
1894 4849 1971 4917 apo·

419 4928 531 4999 stollca
551 4932 771 5001 confirmamus
796 4940 831 5001 et
855 4934 1010 5018 presentis
1039 4933 1151 5016 scripti
1184 4932 1359 5016 patrocinio
1385 4933 1623 5000 communimus
1663 4934 1753 5001 Nulli
1781 4953 1856 5019 ergo
1881 4932 1971 5022 (ere)

420 5038 525 5102 nostre
546 5035 912 5122 mnfirmotionis’geoa.
940 5034 1064 5119 Siquis
1085 5041 1193 5102 autern
1214 5042 1312 5114 (etc).
1332 5034 1452 5102 Datum
1475 5035 1625 5104 Laterani
1645 5036 1676 5103 V
1697 5035 1775 5104 Idus
1795 5036 1970 5120 Februarii,

289 5194 294 5202 .
421 5135 620 5212 pontificatus
641 5139 743 5206 nostri
763 5157 846 5206 anno
867 5139 979 5224 primo.

521 5339 622 5426 Kelis,
645 5349 758 5411 Μία.
