4574 6240
629 350 700 424 120

623 549 710 618 mine
727 546 881 617 roboravi.
923 549 1005 620 Acta
1024 563 1096 622 suot
1109 555 1166 622 bec
1186 572 1267 622 anno
1286 553 1412 621 Domini
1433 553 1608 623 MCCXXX
1629 554 1738 638 primo,
1758 552 1948 636 presentibus
1961 550 2127 626 Wiudisluo

624 653 704 721 duce
722 650 862 732 Polonic,
882 651 1023 722 dorostro
1043 657 1119 728 duce
1140 658 1340 736 murrirrmiric,
1366 657 1524 726 Kuzimiro
1548 657 1626 726 duee
1654 655 1793 740 Kuiario,
1815 654 1962 724 bromio
1988 654 2128 744 episeopo

626 753 815 836 dusmensi,
836 752 961 852 decusa
981 759 1115 844 palatino
1136 761 1273 830 Mneovic
1293 765 1327 831 et
1348 759 1428 831 eliis.

729 959 888 1048 slc'szyno,
912 945 1016 1030 seems

1290 1165 1364 1251 Nr.
1398 1160 1494 1248 135.

576 1333 581 1347 ¹
730 1350 926 1456 Gregorius
942 1353 1004 1458 Pp.
1028 1356 1083 1440 IX
1110 1363 1241 1442 1282
1266 1360 1352 1443 Mei.
1379 1364 1449 1456 18,
1472 1356 1622 1460 darni&
1645 1373 1893 1442 eonoeditelecto
1906 1316 2087 1449 Gomnensi,
2101 1383 2137 1443 ut

627 1479 757 1562 propter
777 1479 994 1558 paupertatem
1012 1478 1157 1548 eeclesiae
1177 1479 1261 1564 suae,
1282 1480 1454 1551 redditibus
1474 1478 1618 1546 villarum
1643 1474 1837 1564 quarundam
1856 1477 2000 1546 mulene
2027 1475 2138 1546 Greco-

513 1585 519 1596 '
617 1578 742 1657 ,sienne
762 1576 826 1644 frui
847 1577 955 1662 possit

735 1683 870 1760 mester,
892 1684 1081 1752 emmeno
1100 1689 1199 1754 roro.
1225 1664 1366 1756 memor
1388 1690 1418 1770 1,
1438 1689 1490 1754 re.

731 1885 904 1972 Gregorius
925 1887 1084 1973 episcopus
1105 1899 1199 1977 (etc),
1220 1893 1333 1963 diiecto
1358 1893 1423 1961 filio
1446 1942 1454 1961 .
1477 1942 1485 1961 .
1507 1892 1606 1960 electo
1626 1889 1800 1960 Gneznensi
1820 1888 1949 1957 saluum
1970 1893 2060 1968 (etc).
2085 1889 2142 1958 As·

629 1995 775 2076 sumpius
794 2007 896 2075 nuper
914 1989 956 2058 ed
976 1994 1109 2074 regimen
1138 1995 1329 2065 Gneznensis
1356 1996 1499 2077 ecclesie,
1527 2013 1588 2080 qne
1607 1994 1641 2061 in
1658 1992 1759 2062 medio
1779 2009 1874 2076 prove
1892 1991 2025 2058 nationis
2042 1996 2094 2057 est
2110 1999 2144 2059 et
2170 2081 2173 2088 -

629 2111 784 2178 perverse,
805 2110 843 2160 eo
860 2093 993 2177 emplius
1015 2098 1111 2163 nostri
1135 2097 1250 2167 favoris
1274 2100 1444 2185 presidium
1471 2097 1528 2165 tibi
1556 2099 1695 2165 noscitur
1719 2102 1918 2181 oportunum,
1945 2111 2007 2178 quo
2035 2092 2144 2161 fortius

630 2194 772 2279 Piedicti
792 2193 924 2263 6001ὅί8
944 2213 1000 2279 per
1021 2198 1189 2285 tirampnos
1210 2206 1243 2268 et
1263 2219 1400 2287 paganos
1421 2201 1654 2287 circumpositos
1678 2199 1770 2267 allisa
1789 2203 1839 2265 est
1857 2195 2012 2274 batenus,
2039 2199 2073 2263 et
2092 2194 2146 2262 ed·

485 2377 487 2381 y
630 2296 693 2365 bue
713 2296 801 2365 allidi
822 2298 1008 2383 proponitur
1035 2299 1162 2370 dirersis
1189 2310 1223 2372 et
1248 2294 1341 2372 samm
1362 2303 1508 2372 ductibus
1530 2308 1761 2388 tempestatum.
1805 2298 1885 2368 curn
1908 2299 2002 2385 igitur
2029 2316 2069 2366 ex
2089 2296 2146 2366 boc

631 2417 733 2484 usqne
760 2399 839 2468 adeo
866 2405 1029 2468 attenuate
1055 2404 1119 2471 sint
1147 2405 1283 2475 eiusdem
1311 2407 1439 2476 ecclesie
1463 2405 1638 2487 facultates,
1666 2403 1750 2489 quod
1777 2409 1810 2471 te
1836 2420 1898 2470 nen
1919 2420 2011 2486 posse
2029 2399 2069 2470 de
2088 2398 2147 2467 biis

595 2518 604 2543 ”
631 2502 803 2572 sustentari
823 2520 988 2587 proponas,
1011 2522 1066 2570 nos
1084 2507 1147 2575 tuis
1168 2508 1310 2594 precibus
1331 2510 1472 2577 inclinati
1497 2509 1688 2594 presentium
1716 2506 1773 2574 tibi
1797 2506 1983 2574 anctoritate
2009 2502 2149 2572 cenredi·

633 2623 714 2688 W.
735 2610 783 2686 nt,
805 2603 833 2672 δί
853 2608 905 2671 “t
923 2603 980 2686 ii&
999 2605 1136 2676 ielditm
1157 2611 1360 2695 quarumdam
1387 2612 1531 2680 vinorum
1557 2610 1769 2680 cracoviensis
1793 2607 1919 2676 ecclesie
1943 2627 1963 2675 a
1986 2607 2065 2674 bone
2086 2624 2149 2672 me·

632 2707 733 2776 merie
753 2757 762 2774 .
785 2756 794 2774 .
815 2705 960 2790 episeopo
982 2703 1177 2779 dmeovieosi
1195 2713 1270 2780 olim
1289 2713 1323 2780 in
1343 2713 1524 2782 beneficium
1546 2712 1604 2780 tibi
1624 2730 1794 2794 concessos,
1811 2710 1915 2779 valens
1926 2728 2023 2794 nsque
2035 2707 2076 2777 ad
2088 2726 2150 2776 no·

633 2815 735 2881 stram
755 2807 985 2897 beneplacitum
1004 2811 1147 2883 retinere
1189 2814 1307 2884 Datum
1326 2814 1445 2886 Narnie
1465 2814 1525 2885 XV
1545 2813 1704 2884 Kdendas
1721 2813 1813 2898 Iunii,
1833 2831 1915 2882 enno
1931 2812 1986 2882 i'L

1303 3114 1378 3204 Nn.
1409 3110 1508 3200 136.

739 3303 960 3390 immun
987 3304 1064 3389 dnn
1088 3307 1235 3396 Polemio
1266 3314 1400 3395 1282
1427 3309 1515 3396 dun
1539 3313 1623 3409 29,
1643 3330 1673 3392 s
1698 3308 1741 3412 ις
1768 3330 1968 3410 peresam,
1996 3323 2157 3395 sesiam

634 3427 676 3497 de
695 3425 852 3495 Dobreree
873 3443 946 3494 cum
965 3429 1209 3511 possessionibus
1236 3433 1388 3517 eiusdem,
1419 3431 1576 3519 quondum
1600 3448 1657 3516 per
1678 3429 1875 3516 Bogumilum
1897 3428 2157 3515 muniemsoopnn
2204 3469 2207 3476 ·
2237 3452 2240 3459 ·

636 3529 853 3601 (inanemem
873 3527 985 3596 Ordini
1013 3528 1263 3604 cisterciensium
1290 3535 1453 3619 donam,
1480 3540 1550 3602 tnm
1572 3551 1630 3620 per
1654 3532 1786 3602 eundem
1810 3530 1957 3601 Ordinem
1982 3531 2159 3601 christiane

636 3632 783 3720 episcopo
803 3629 951 3700 Prnssiae
971 3631 1129 3718 truditam,
1151 3658 1233 3708 nnnc
1252 3657 1326 3707 sero
1345 3659 1403 3724 per
1422 3639 1541 3708 uicum
1561 3637 1740 3723 episcopum
1762 3636 1950 3705 monestede
1968 3635 2008 3705 de
2027 3633 2159 3705 Sulcierr

607 3781 611 3788 -
638 3752 709 3806 me
729 3733 891 3817 collatam
912 3732 1126 3806 immunitates
1145 3759 1269 3826 qnoque
1288 3742 1438 3811 ecclesiae
1458 3738 1636 3828 praedictae
1655 3746 1794 3808 renovat.

741 3835 877 3923 mesot
919 3839 1037 3919 morat
1061 3843 1165 3907 muns
1184 3847 1273 3910 Aren
1294 3845 1467 3928 norom,
1500 3845 1562 3909 nn.
1578 3847 1678 3926 pron
1697 3847 1751 3923 sor
1773 3844 1821 3908 eo.

546 4069 550 4076 ·
637 4050 644 4143 ζ
682 4029 779 4133 ’·;”ιιι
798 4028 924 4113 somne
944 4042 1071 4112 nomos
1090 4063 1189 4116 nmen
1233 4049 1300 4134 mo
1327 4048 1506 4118 mesum
1530 4036 1722 4132 nomm
1741 4047 1804 4115 nux
1824 4045 2069 4115 resonemus
2090 4044 2165 4112 oum

638 4148 729 4219 ducis
749 4147 868 4218 Orionis
889 4146 973 4214 filius
992 4151 1103 4215 notum
1123 4170 1191 4220 esse
1212 4154 1281 4220 nolo
1303 4153 1455 4222 universis
1477 4151 1595 4219 Christi
1615 4151 1759 4219 fidelibus
1780 4148 1971 4234 presentibus
1988 4154 2022 4217 et
2040 4147 2165 4230 futuris,

639 4252 725 4339 qnod
745 4251 798 4338 pie
817 4249 968 4318 memorie
988 4248 1131 4318 dominus
1152 4253 1332 4339 Bogumilns
1353 4256 1509 4341 quondam
1529 4254 1779 4339 arciriepiseopus
1798 4252 1985 4319 Goennensis
2007 4250 2167 4320 mesiam

641 4374 731 4425 suam
751 4360 786 4423 et
805 4354 935 4424 ecclesie
956 4351 1149 4421 Gneznensis
1162 4359 1194 4424 io
1208 4358 1363 4427 Dobrowo
1382 4378 1452 4428 cum
1475 4355 1720 4443 possessionibus
1741 4361 1776 4423 et
1796 4354 2018 4422 hereditatibus
2037 4353 2079 4422 ad
2099 4371 2168 4422 eam

640 4456 880 4544 pertinentibus,
901 4454 1046 4524 videlicet
1067 4457 1133 4541 ipsa
1154 4460 1229 4526 villa
1249 4460 1413 4545 moroso,
1439 4460 1552 4542 Lemno,
1576 4459 1759 4540 Rsucbono,
1779 4457 1913 4525 Zadorro
1933 4465 1966 4524 et
1986 4457 2168 4538 Quintkorro

640 4579 713 4629 cnm
734 4559 922 4630 smctuamis
944 4563 977 4624 et
998 4559 1203 4643 piscatoribus
1229 4571 1262 4631 et
1286 4583 1357 4632 cum
1382 4564 1511 4632 decimis
1538 4560 1946 4648 ipsarum-possessionem
1966 4560 2169 4644 aliorumque,

645 4662 766 4732 wffioet
784 4661 905 4743 chelm,
928 4659 1089 4744 Cr⁰bew⁰r
1110 4663 1238 4748 Danube,
1260 4665 1417 4749 Ostroino,
1441 4665 1630 4747 Comorouo,
1652 4663 1811 4745 Kersewo,
1836 4662 1986 4743 Zacreuo,
2010 4662 2171 4747 Byzseore,

643 4765 828 4836 Sinuencino
849 4771 883 4833 et
905 4763 1069 4844 emoneo,
1091 4765 1166 4833 item
1181 4757 1372 4851 innmsowo,
1402 4769 1561 4840 Kolniree,
1588 4765 1777 4835 cbocenrino
1804 4772 1836 4832 et
1863 4762 2073 4847 Weglomch:
2099 4777 2171 4832 eon·

644 4868 720 4938 tulit
739 4887 777 4936 ac
797 4865 886 4934 dedit
911 4865 952 4933 ob
978 4864 1126 4935 bonorem
1148 4868 1207 4937 Dei
1233 4878 1266 4939 et
1291 4870 1381 4938 beote
1407 4871 1509 4939 Meris
1539 4887 1662 4954 semper
1687 4867 1816 4953 uirginis
1841 4865 1950 4934 Ordini
1976 4865 2173 4934 usercensi

645 4990 715 5040 enm
737 4969 901 5038 usufructu
921 4968 1012 5053 piene
1032 4986 1070 5035 ee
1091 4969 1188 5040 libere
1209 4973 1242 5039 in
1271 4981 1456 5059 perpetuum
1478 4972 1715 5059 possidendam,
1744 4976 1778 5039 et
1799 4971 1838 5037 sd
1858 4989 1969 5037 manns
1988 4970 2092 5038 fratris
2112 4969 2173 5038 Bo·

643 5072 742 5158 gniaii
762 5071 906 5140 monachi
928 5071 1122 5153 consignavit
1141 5094 1198 5158 pro
1217 5078 1380 5145 uoluntate
1401 5077 1556 5161 generalis
1579 5074 1717 5159 Cupitnli
1736 5074 1873 5141 ciusdem
1887 5072 1997 5140 Ordini
2010 5073 2174 5158 disponen-

645 5175 736 5258 dump
755 5183 789 5258 et
808 5175 892 5261 quod
914 5173 995 5240 idem
1016 5172 1195 5258 Capitulum
1216 5187 1287 5264 post
1308 5186 1449 5268 mortem⁴
1463 5178 1571 5246 imbris
1592 5175 1737 5262 Bogniuli
1756 5175 1897 5243 monachi
1916 5174 1957 5243 de
1977 5174 2084 5242 leima
2104 5192 2177 5259 pre*

646 5276 715 5363 uu,
736 5278 866 5349 eundem
887 5276 1050 5347 ecclesiam
1070 5296 1142 5346 cum
1162 5283 1361 5368 pertinentiis
1381 5282 1447 5352 suis
1467 5280 1610 5351 omnbus
1626 5277 1787 5366 predictis,
1801 5278 1944 5363 religioso
1957 5279 2040 5364 petri
2051 5277 2177 5346 uorum
