4492 6224
636 647 699 728 ’36

648 869 783 939 cumque
803 851 887 918 bona
907 847 1016 917 eadem
1037 847 1172 917 ecclesia
1192 843 1474 935 inpresentiarum
1495 847 1578 916 iuste
1595 855 1630 916 et
1651 848 1800 918 canonice
1825 847 1966 934 possidet
1987 855 2045 916 aut
2063 847 2096 917 in
2116 849 2196 930 iutu.

648 973 719 1022 rnrn
742 953 940 1021 concessione
965 953 1164 1036 pontificum,
1190 950 1358 1035 largitione
1384 970 1491 1035 regrum
1517 952 1567 1018 vel
1592 952 1784 1036 principum,
1811 951 1971 1019 oblatione
1990 951 2130 1021 fidelium
2147 977 2197 1032 son

648 1056 721 1125 aliis
743 1057 836 1123 iustis
857 1055 958 1122 modis
977 1060 1141 1139 prestante
1163 1054 1297 1121 Domino
1318 1055 1436 1137 poterit
1459 1053 1605 1137 adipisci,
1628 1054 1719 1122 tinea
1740 1055 1829 1122 vobis
1850 1055 2028 1137 vestrisque
2044 1073 2197 1130 successa

648 1158 736 1226 ribus
757 1163 792 1225 et
812 1157 937 1224 illibata
957 1163 1178 1240 permaneant;
1201 1157 1235 1222 ia
1256 1155 1371 1239 quibus
1388 1157 1446 1223 hec
1472 1157 1608 1240 propriis
1633 1156 1779 1224 durirnus
1803 1156 2009 1240 exprimenda
2035 1157 2197 1234 vocabulis.

648 1261 768 1329 Locum
789 1259 902 1345 ipsum,
925 1259 958 1324 in
979 1275 1042 1342 quo
1065 1259 1190 1342 pretato
1209 1257 1343 1324 ecclesia
1364 1258 1428 1327 sita
1448 1264 1507 1339 est,
1528 1276 1600 1325 curn
1621 1257 1766 1325 omnibus
1780 1259 1980 1342 pertinentiis
1999 1259 2079 1337 suis;
2102 1269 2198 1346 captat.

648 1362 715 1432 lam
736 1362 840 1430 sancti
860 1359 993 1429 blartini
1022 1361 1055 1426 in
1080 1360 1254 1441 Vratizlar,
1285 1359 1438 1443 capellam
1460 1361 1492 1425 in
1515 1359 1661 1443 Legeuue
1682 1378 1754 1427 cum
1782 1360 1867 1426 villis
1888 1365 1922 1426 et
1943 1358 2119 1428 redditibus
2139 1372 2199 1438 suis

648 1472 683 1533 et
704 1464 807 1532 iorum
828 1464 862 1530 in
883 1462 965 1529 testo
983 1462 1086 1529 sancti
1106 1461 1268 1528 vincentii
1289 1481 1346 1545 per
1366 1468 1438 1528 octo
1459 1461 1527 1527 dies
1546 1461 1728 1529 institutum
1750 1466 1784 1529 et
1805 1462 1939 1530 taberna
1960 1462 1993 1528 in
2008 1461 2071 1528 tine
2088 1470 2199 1552 pontia,

649 1567 754 1637 lorum
771 1568 805 1633 in
827 1565 1013 1646 Costomlat,
1033 1564 1167 1631 taberna
1188 1563 1221 1629 in
1243 1562 1389 1630 Pelcnica
1408 1582 1478 1630 cum
1498 1564 1583 1629 villis
1605 1562 1772 1630 Grabissin
1786 1569 1820 1630 et
1834 1562 1997 1631 Socolnice
2016 1572 2050 1631 et
2066 1563 2200 1639 chenese

643 1675 684 1738 ,et
709 1667 880 1750 Sobotiste,
912 1685 1007 1751 quem
1032 1666 1096 1733 dur
1130 1665 1326 1731 Wladizlaus
1352 1684 1409 1748 pro
1435 1665 1567 1731 dimidia
1591 1664 1745 1732 Trebnica
1776 1664 1865 1732 vebis
1894 1664 1992 1731 dedit
2043 1664 2200 1755 Wirbime,

650 1769 780 1854 odram,
801 1769 957 1838 Tristenie
978 1774 1012 1836 et
1033 1768 1175 1849 Olovam,
1197 1786 1278 1851 quas
1300 1767 1388 1834 dedit
1408 1767 1522 1834 Petrus
1543 1784 1657 1834 comas.
1702 1766 1856 1850 cinerech,
1878 1785 1975 1850 quam
1998 1767 2087 1834 dedit
2108 1769 2200 1841 Buro-

649 1872 710 1940 nla
743 1870 916 1940 Paeoclaus
937 1871 1046 1938 villam
1067 1870 1185 1937 Tassov
1205 1869 1304 1936 dedit
1341 1868 1541 1937 Vlostonissa
1561 1870 1723 1937 comitissa
1743 1869 1833 1937 dedit
1852 1870 1949 1937 aham
1971 1870 2089 1937 villam.
2127 1871 2200 1942 San·

649 1974 735 2042 divoi
765 1972 929 2056 Svecciao,
962 1973 1076 2040 Iordnr
1104 1973 1211 2040 sliam.
1256 1970 1394 2053 Criston,
1428 1973 1519 2040 iuxta
1539 1971 1693 2057 Legenice
1718 1972 1857 2054 Rudiae,
1889 1972 2029 2040 Ratimir
2060 1971 2200 2060 Catosov,

650 2076 782 2162 Divigor
806 2076 948 2154 Vieiovo,
969 2075 1135 2143 Vitaalaus
1157 2074 1286 2158 Zasphi,
1311 2075 1456 2142 Andreas
1480 2074 1659 2156 Laurentii,
1685 2067 1843 2142 Suliziaua
1867 2074 2061 2150 Pelcnicam.
2087 2074 2201 2163 Oragea

650 2178 825 2262 eoronam,
846 2178 926 2246 Pros
943 2177 1032 2244 dedit
1056 2177 1165 2244 sillam
1191 2175 1401 2259 Nuserenove,
1427 2177 1538 2245 Gestis
1562 2177 1650 2245 dedit
1674 2177 1782 2244 villam
1807 2176 1939 2258 Odriea,
1965 2177 2074 2244 sillam
2102 2177 2202 2250 Gerae

650 2280 1035 2362 semronitarum
1054 2277 1229 2363 Plngodina
1249 2278 1347 2361 dedit,
1368 2279 1542 2347 Muscasov
1563 2279 1740 2347 Dobezlaus
1765 2279 1867 2362 dedit,
1893 2279 2046 2346 hibertus
2072 2278 2201 2367 Vidava,

649 2383 824 2453 Vatiniana
845 2384 910 2450 dux
930 2382 1019 2450 dedit
1039 2380 1246 2448 Sanctuarios
1267 2399 1339 2448 cum
1361 2381 1447 2447 omni
1472 2381 1621 2465 progenie
1644 2399 1704 2448 sua
1728 2386 1763 2449 et
1787 2399 1897 2448 eornm
1921 2382 2029 2449 sillam
2057 2380 2201 2467 blerinee,

650 2486 773 2570 Golisa,
795 2485 914 2568 Svuris,
936 2484 1072 2568 Slulgut,
1092 2483 1216 2566 Suseto,
1238 2482 1388 2564 Vroniea,
1412 2482 1511 2550 Stres.
1558 2483 1718 2551 Rubertm
1743 2482 2017 2552 wratislaviensis
2042 2485 2202 2570 episcopa

649 2589 806 2676 capellam
826 2587 929 2656 macti
948 2586 1114 2655 Michaelis
1135 2586 1227 2653 iuxta
1247 2587 1477 2652 monasterium
1498 2585 1590 2653 beate
1609 2585 1714 2653 Maris
1735 2593 1952 2654 eonshuctum
1973 2606 2045 2654 cum
2062 2588 2202 2656 omnibns

651 2691 694 2761 ad
714 2710 786 2760 eam
805 2689 1035 2777 pertinentibus
1061 2688 1163 2756 eidem
1188 2688 1381 2755 monasterio
1410 2686 1552 2754 tradidit
1599 2686 1674 2754 Dux
1698 2688 1806 2755 Mesoa
1830 2688 1920 2756 dedit
1944 2686 2049 2756 iorum
2072 2689 2201 2773 Kenese,

651 2794 828 2878 tabernam,
848 2793 1029 2861 libertatem
1049 2790 1118 2860 iore
1139 2795 1174 2859 et
1195 2789 1384 2858 hominibus.
1411 2789 1495 2858 Sane
1516 2789 1660 2857 laborum
1681 2796 1860 2858 vestrorum
1880 2809 1961 2875 quos
1982 2792 2120 2877 propriis
2140 2811 2203 2861 ma·

559 2973 561 2975 ,
651 2897 746 2966 nibus
766 2902 825 2965 aut
841 2895 1018 2980 sumptibus
1039 2893 1153 2976 colitis,
1176 2893 1243 2960 sive
1262 2893 1303 2960 de
1328 2891 1531 2959 nutrimentis
1551 2891 1736 2960 animalium
1757 2899 1944 2976 vestrorum,
1964 2894 2071 2961 nullus
2084 2914 2107 2962 a
2119 2893 2203 2963 vobis

651 2999 793 3069 ‹lsdmas
813 2998 938 3084 exigere
964 2997 1016 3065 val
1041 3003 1228 3082 &urguere
1253 3001 1426 3081 presumat
1474 2995 1587 3063 Liceat
1611 3014 1738 3081 quoque
1763 2997 1853 3066 vobis
1878 2998 2009 3065 elericos
2035 2998 2086 3066 val
2110 2998 2203 3068 laicos

652 3101 770 3172 llberos
791 3108 825 3171 et
845 3101 1018 3184 absolutas,
1039 3119 1059 3168 e
1077 3101 1185 3168 seculo
1205 3099 1371 3184 ingiam
1393 3099 1436 3167 ad
1457 3100 1692 3167 conversionem
1712 3100 1852 3185 recipere
1872 3105 1907 3168 et
1927 3120 1983 3168 eos
2002 3102 2122 3186 ubsque
2135 3119 2205 3169 con·

653 3204 845 3273 bedictione
865 3205 974 3287 dique
1001 3203 1147 3272 retinere.
1191 3201 1398 3269 Prohibemus
1426 3203 1565 3287 insuper,
1600 3207 1638 3268 ut
1662 3201 1741 3268 nulli
1769 3201 1906 3270 lratrrrm
1936 3210 2112 3271 vestrorum
2136 3211 2205 3289 post

652 3306 772 3376 hetam
792 3307 827 3375 in
847 3307 957 3375 eodem
977 3306 1048 3373 loco
1066 3303 1291 3390 professionem
1312 3306 1362 3372 fus
1382 3305 1426 3371 sit
1446 3303 1567 3388 absque
1589 3303 1714 3372 abbatis
1733 3304 1782 3370 sui
1804 3304 1935 3373 licentia
1955 3306 1996 3374 de
2010 3305 2118 3374 eodem
2138 3306 2203 3372 loco

652 3409 823 3492 discedem
845 3408 1058 3476 dheedentem
1079 3425 1153 3474 vero
1171 3406 1291 3491 obsum
1312 3406 1468 3473 communi
1489 3404 1670 3473 litterarum
1689 3406 1846 3490 mutiens,
1868 3407 1975 3474 nudus
1996 3409 2113 3476 audmt
2133 3409 2205 3475 reti·

651 3531 737 3582 nera
781 3511 832 3580 hd
853 3511 912 3578 hec
933 3511 1030 3578 etiam
1049 3509 1237 3591 inhibemus,
1259 3529 1301 3577 ns
1322 3510 1373 3576 cui
1391 3510 1537 3594 episeopo
1556 3507 1607 3576 vel
1621 3508 1676 3575 alii
1694 3509 1766 3593 plus
1787 3530 1810 3578 a
1829 3510 1918 3578 robis
1940 3529 1999 3595 pro
2020 3502 2204 3578 casusne

652 3614 743 3684 cimis
763 3619 872 3699 petere
892 3618 926 3681 et
951 3613 1091 3697 recipere
1111 3612 1218 3695 liceat,
1244 3630 1341 3697 qnam
1365 3611 1461 3678 luerit
1487 3629 1508 3679 a
1532 3609 1804 3695 predecessoribus
1827 3630 1938 3679 eorum
1960 3630 2060 3696 usquc
2086 3611 2127 3680 ad
2151 3611 2205 3678 hec

652 3722 797 3804 tempora
817 3716 1013 3802 requisitum.
1059 3714 1139 3782 (lum
1160 3721 1268 3783 autem
1288 3715 1434 3799 generale
1454 3713 1657 3781 interdictum
1679 3719 1765 3782 terre
1777 3714 1884 3796 luerit,
1903 3715 2000 3783 liceat
2018 3715 2106 3782 vobis
2121 3715 2204 3782 elan·

509 3865 513 3874 -
652 3819 697 3887 su
718 3819 832 3902 imnis,
854 3818 989 3887 exclusis
1010 3818 1289 3886 excommunicatis
1309 3823 1343 3885 et
1364 3817 1555 3899 interdictis,
1582 3834 1646 3882 non
1671 3816 1806 3901 pulsatis
1831 3819 2009 3901 campanis,
2037 3835 2204 3903 suppressa

651 3938 729 3989 voce
748 3919 856 3989 divina
876 3919 980 3988 officia
1000 3919 1169 3988 celebrare
1215 3919 1340 3988 Crisma
1360 3938 1444 4002 vero,
1465 3919 1570 3987 oleum
1592 3925 1749 4001 sanctum,
1775 3922 2028 3989 consecrationes
2056 3921 2203 3988 altanum

653 4041 711 4091 seu
731 4022 942 4103 busilicamm,
964 4022 1180 4111 ordinationes
1202 4023 1386 4090 clericorum
1414 4023 1469 4106 qui
1497 4021 1540 4089 ad
1563 4039 1672 4090 sacros
1701 4022 1828 4090 ordines
1853 4022 1973 4090 luerint
1993 4022 2202 4108 promovendi,

652 4143 673 4193 a
693 4125 860 4193 diocesem
881 4125 1062 4209 suscipietis
1083 4125 1240 4210 episcopo,
1259 4124 1414 4209 siquidem
1432 4123 1607 4192 catholicus
1628 4123 1726 4191 tuerit
1745 4130 1779 4192 et
1799 4126 1937 4209 gratiam
1959 4125 2134 4210 apostolice
2153 4125 2203 4192 Se

651 4229 702 4296 dis
723 4227 880 4310 habuerit,
901 4233 935 4296 et
953 4246 992 4296 ea
1012 4229 1113 4312 gratis
1135 4236 1169 4294 et
1189 4228 1310 4312 absque
1331 4229 1489 4312 pravitate
1510 4232 1544 4295 et
1564 4229 1730 4296 exactione
1749 4228 1860 4311 aliqua
1883 4227 1972 4295 vobis
1998 4228 2135 4296 voluerit
2155 4246 2204 4294 er·

653 4330 771 4400 hibere.
816 4332 965 4415 Alioquin
990 4331 1086 4399 liceat
1114 4331 1203 4399 vobis
1229 4349 1456 4416 quemcumque
1482 4331 1658 4398 malueritis
1683 4332 1772 4399 adire
1797 4332 1976 4399 anhshtern
2007 4332 2149 4415 graciam
2174 4334 2204 4394 et

654 4435 903 4503 communionem
925 4435 1098 4518 apostolice
1119 4433 1209 4501 Sedis
1235 4434 1413 4515 habentem,
1438 4433 1493 4517 qui
1521 4439 1633 4500 nostra
1658 4433 1758 4500 fultus
1786 4435 1993 4515 auctoritate,
2016 4430 2204 4517 vobisque]

645 4537 833 4622 postulatur
853 4537 1025 4621 impendat.
1069 4537 1276 4604 Prohibemus
1297 4537 1434 4620 insuper,
1457 4541 1494 4602 ut
1512 4534 1596 4602 inira
1613 4535 1691 4602 lines
1712 4537 1878 4620 parrochie
1899 4542 2004 4602 vestre
2018 4536 2125 4602 nullus
2139 4535 2203 4601 sinc

653 4657 785 4707 amensa
809 4639 969 4707 diesem
996 4639 1134 4722 episcopi
1166 4644 1200 4705 et
1232 4644 1348 4720 vosne,
1380 4637 1534 4721 capellam
1565 4656 1623 4704 seu
1648 4640 1822 4707 cratonum
1847 4640 1887 4706 de
1915 4658 1997 4706 novo
2027 4646 2204 4706 construere

653 4741 784 4822 audeat;
807 4742 903 4808 salvis
927 4741 1098 4825 privilegiis
1123 4742 1338 4809 Romanmum
1363 4741 1556 4825 pontiticum.
1599 4741 1649 4808 nd
1676 4741 1735 4809 hec
1762 4760 1861 4809 novus
1882 4748 1916 4809 et
1938 4741 2097 4809 indebitas
2118 4756 2205 4808 erac·

655 4844 756 4912 hones
776 4843 818 4910 ab
838 4844 1090 4927 archiepiscopis,
1112 4844 1278 4928 episcopis,
1301 4843 1530 4911 arclddiaconis
1550 4862 1606 4909 seu
1627 4843 1764 4927 decanis,
1785 4844 1920 4928 aliisque
1941 4845 2086 4911 omnibus
2108 4842 2202 4911 eccle

652 4945 791 5014 mancis
812 4945 1043 5013 secularibusve
1065 4945 1218 5030 personis,
1242 4946 1368 5012 omnino
1397 4946 1466 5012 lieri
1495 4945 1706 5030 prohibemus.
1754 4945 1958 5031 Sepulturam
1995 4965 2121 5031 quoque
2150 4939 2205 5010 loci

653 5046 739 5114 illius
760 5047 891 5115 liberam
913 5067 981 5114 esse
1001 5048 1207 5122 decernimus,
1230 5055 1396 5115 uteorum
1423 5048 1582 5115 devotioni
1608 5054 1642 5116 et
1663 5054 1803 5116 extreme
1830 5049 1988 5116 voluntati
2009 5049 2065 5132 qui
2087 5067 2123 5116 se
2143 5044 2203 5112 illic

652 5148 779 5233 sepeliri
800 5148 1051 5230 deliberaverint,
1074 5150 1135 5214 nisi
1158 5147 1241 5215 forts
1262 5148 1522 5216 erconrmunicati
1543 5149 1593 5216 vel
1610 5149 1771 5218 interdicti
1785 5149 1913 5234 luerim,
1936 5151 2042 5217 nullus
2057 5151 2203 5222 obsistat;

652 5251 741 5318 s'alva
764 5257 870 5319 tomen
892 5252 1015 5318 iustitia
1040 5251 1168 5318 illarum
1188 5252 1400 5333 ecclesiarum,
1429 5272 1450 5318 a
1477 5250 1592 5335 quibus
1619 5259 1814 5320 mortuorum
1837 5271 1971 5337 corpvora
1994 5259 2204 5321 msumuntur·

653 5351 800 5419 Decimus
818 5358 962 5435 preterca
982 5358 1016 5419 et
1037 5353 1253 5437 possessiones
1276 5353 1317 5421 ml
1332 5354 1381 5418 ius
1394 5354 1596 5421 ecclesiarum
1611 5361 1787 5423 vestrarum
1801 5362 1994 5441 spectantes,
2010 5374 2072 5439 que
2085 5375 2108 5423 a
2120 5351 2206 5422 laicis

652 5454 843 5538 detinentur,
864 5455 1035 5521 redimendi
1054 5462 1088 5521 et
1109 5455 1264 5538 legittime
1285 5455 1439 5521 liberandi
1458 5455 1498 5521 de
1519 5456 1663 5522 manibus
1681 5475 1790 5525 eorum
1808 5464 1843 5525 et
1857 5459 1899 5527 nd
1911 5459 2062 5526 eeclesias
2074 5458 2117 5526 ud
2130 5469 2205 5540 quas

653 5559 815 5642 pertinent
835 5559 1010 5640 revocandi,
1035 5559 1133 5625 libera
1155 5561 1198 5626 sit
1221 5559 1308 5626 vobis
1330 5559 1369 5624 de
1389 5558 1579 5625 auctoritate
1601 5565 1711 5627 trustra
1730 5559 1875 5628 incultas
1910 5561 2054 5628 Obeuute
2075 5581 2150 5629 vero
2166 5565 2204 5632 tr.
